1788 3111
510 86 949 129 COMMENTARIORUM
978 86 1070 128 Lm.
1099 87 1151 129 V.
1448 89 1532 132 317

120 216 301 242 essemus
332 200 443 251 Deo,
463 216 542 256 per
557 210 739 240 mortem
756 198 857 240 Filii
877 199 920 254 ¹)
951 198 1040 256 ejus
1059 199 1320 242 reconciliati
1350 204 1535 250 sumus,“

118 294 233 317 nunc
265 289 305 318 et
336 293 501 326 causas,
540 276 606 316 vel
637 292 713 316 cur
740 274 899 317 inimici
928 276 1153 328 fuerimus,
1194 278 1258 318 vel
1291 295 1366 318 cur
1393 288 1534 319 morte

119 355 219 395 Filii
246 354 330 395 Dei
359 353 585 406 indiguerit
613 352 692 393 ista
722 352 1033 403 reconciliatio,
1064 366 1371 409 consequenter
1402 371 1533 410 expo-

119 431 204 473 nit:
235 444 282 472 ut
312 432 535 479 intuentes,
566 440 720 485 quanta
740 429 864 471 nobis
887 430 1140 485 praestiterit
1169 432 1302 480 Jesus,
1334 431 1420 473 imo
1451 448 1532 487 pro

119 510 244 549 nobis
276 520 430 564 quanta
460 506 694 563 pertulerit,
724 506 976 547 radicatiore
996 523 1091 559 erga
1122 525 1219 548 eum
1238 509 1321 548 fide
1353 520 1393 548 et
1421 508 1533 550 inse-

120 585 359 641 parabili2)
399 584 567 625 caritate
607 596 839 627 teneamur.
906 585 1009 626 Ideo
1053 602 1151 637 ergo
1197 585 1296 626 licet
1332 602 1423 625 non
1460 603 1532 626 us-

123 678 376 717 quequaque
406 659 732 716 patefactam‚³)
769 659 928 701 indicat
965 673 1107 702 tamen
1138 662 1264 703 nobis
1295 673 1335 703 et
1365 662 1533 703 alterius

120 738 267 779 secreti
297 737 516 786 rationem,
550 736 716 777 dicens:
749 750 1002 792 „propterea
1019 738 1063 791 4)
1094 738 1200 779 sicut
1219 739 1261 794 ⁵)
1291 755 1369 795 per
1398 755 1535 780 unum

120 815 338 856 hominem
376 824 598 869 peccatum
637 813 825 854 introivit
864 814 908 854 in
948 817 1060 856 hunc
1099 817 1331 866 mundum,
1378 827 1417 857 et
1456 833 1535 871 per

118 904 339 948 peccatum
368 895 524 940 rn0rs‚“
555 902 595 931 et
625 902 797 932 caetera.
858 892 943 933 Sed
973 893 1220 948 priusquam
1252 895 1304 934 ad
1336 894 1535 949 explana-

118 969 280 1009 tionem
311 969 439 1010 totius
478 968 650 1023 capituli
691 969 927 1018 veniamus,
957 985 1093 1024 pauca
1126 971 1177 1010 de
1210 987 1282 1020 eo,
1316 971 1389 1026 qui
1416 971 1534 1012 vide-

117 1058 188 1086 tur
214 1046 260 1086 in
290 1045 644 1101 consequentibus
674 1045 802 1102 ipsius
823 1046 994 1102 eloquii,
1028 1048 1196 1088 defectu
1228 1048 1405 1089 dicenda
1426 1060 1536 1089 sunt.

116 1123 206 1164 Ubi
237 1123 349 1164 enim
380 1123 550 1163 dicitur:
583 1135 834 1178 „propterea
864 1123 1019 1164 sicut:“
1049 1126 1330 1166 necessarium
1357 1125 1536 1177 videtur,

121 1201 239 1255 quod
270 1199 370 1240 addi
402 1201 552 1240 debeat
583 1199 828 1255 adimpletio
863 1202 1085 1256 quaedam,
1115 1214 1163 1242 ut
1193 1203 1374 1243 dicatur:
1405 1203 1462 1244 ita
1495 1215 1537 1244 et

119 1277 240 1325 illud,
271 1277 336 1318 vel
364 1276 498 1327 illud,
539 1288 587 1317 ut
618 1289 657 1317 et
686 1277 776 1333 ipse
804 1277 848 1317 in
878 1277 1095 1319 nonnullis
1127 1279 1215 1320 aliis
1246 1279 1350 1320 locis
1379 1279 1537 1330 scribit,

119 1353 237 1394 verbi
266 1353 417 1406 gratia,
461 1371 557 1394 cum
597 1354 718 1394 dicit:
757 1353 950 1409 „sicut⁶)
992 1355 1103 1395 enim
1142 1354 1186 1395 in
1218 1356 1357 1395 Adam
1389 1368 1537 1395 omnes

119 1431 384 1480 moriuntur,
414 1430 470 1471 ita
502 1443 542 1472 et
571 1431 615 1472 in
656 1431 823 1472 Christo
857 1448 1003 1472 omnes
1033 1432 1395 1472 vivificabuntur.“
1454 1431 1536 1472 Hie

119 1522 261 1547 autem
291 1523 388 1547 cum
419 1506 589 1548 dixerit:
620 1507 752 1557 „sicut
770 1506 814 1563 7)
856 1525 933 1564 per
970 1526 1104 1549 unum
1136 1508 1354 1549 hominem
1384 1525 1534 1564 pecca-

119 1596 211 1624 tum
240 1583 430 1624 introivit
467 1583 512 1624 in
549 1585 662 1624 hunc
692 1586 922 1635 mundum,
966 1597 1006 1627 et
1050 1603 1127 1641 per
1155 1596 1376 1640 peccatum
1405 1602 1537 1635 mors,

121 1661 220 1715 εἴθ)
256 1660 313 1701 ita
352 1660 397 1700 in
435 1677 581 1701 omnes
626 1661 818 1702 homines
855 1679 970 1703 mors
1000 1661 1261 1717 pertransiit,
1289 1661 1335 1702 in
1368 1679 1452 1719 quo
1486 1680 1534 1703 0-

118 1754 239 1779 mnes
267 1743 596 1792 peccaveruntz“
633 1755 723 1778 non
761 1738 923 1787 retulit,
953 1750 1000 1778 ut
1035 1738 1211 1788 diceret,
1243 1739 1359 1780 verbi
1390 1757 1535 1782 causa:

119 1815 174 1856 ita
208 1826 248 1855 et
275 1831 353 1870 per
380 1831 516 1854 unum
546 1813 765 1854 hominem
796 1813 950 1871 justitia
973 1814 1162 1856 introivit
1191 1815 1236 1855 in
1265 1816 1377 1856 hunc
1407 1834 1534 1857 mun-

121 1891 237 1940 dum,
269 1902 310 1931 et
334 1907 412 1946 per
442 1889 643 1948 justitiam
673 1890 775 1941 vita,
818 1903 858 1932 et
887 1892 944 1933 sic
973 1892 1017 1933 in
1050 1909 1196 1933 omnes
1228 1893 1421 1935 homines
1452 1894 1534 1935 vita

120 1967 382 2022 pertransiit,
417 1967 462 2008 in
493 1985 573 2023 qua
614 1985 760 2009 omnes
790 1968 983 2010 vivificati
1013 1981 1131 2011 sunt:
1162 1971 1244 2010 hoc
1276 1969 1387 2011 enirn
1416 1970 1532 2012 vide-

238 2167 281 2223 1)
312 2167 589 2209 Desideratur
619 2170 771 2219 „FiliP‘
801 2170 845 2210 in
883 2171 946 2210 ed.
975 2170 1040 2213 Μ.
1069 2171 1122 2211 Π.

235 2235 279 2291 ²)
312 2237 449 2278 Alias:
479 2239 823 2295 „insuperabili.“
852 2239 902 2280 R.

233 2307 281 2363 3)
314 2307 426 2348 Alias
457 2309 516 2364 (v.
547 2326 581 2350 c.
611 2309 656 2350 in
688 2312 783 2352 edd.
812 2309 920 2365 Ma)
953 2312 1274 2366 „patefactum.“
1303 2314 1355 2355 R.

235 2376 281 2432 ⁴)
309 2378 435 2421 Rom.
465 2379 518 2428 V,
549 2380 615 2420 12.

236 2446 281 2500 ⁵)
313 2447 382 2489 Sic
414 2460 526 2488 recte
555 2449 1034 2491 Msc.unus.Caete1-i
1062 2469 1175 2502 vero,
1208 2465 1247 2493 et
1279 2452 1378 2494 editi
1409 2453 1468 2509 (v.
1499 2472 1533 2496 c.

125 2501 666 2568 cdd.‘M.)·:„p10pterea
715 2505 821 2546 sicut
858 2523 935 2562 per
978 2525 1112 2548 unum
1154 2508 1371 2550 hominem
1418 2528 1534 2551 mors

123 2558 310 2600 introivit
337 2577 382 2600 m
413 2562 525 2601 hunc
554 2563 777 2611 mundum,
808 2575 884 2603 etc.
944 2564 1030 2605 Sed
1072 2565 1346 2620 priusquam“
1377 2578 1452 2607 etc.
1484 2568 1535 2607 R.

239 2629 285 2682 ⁶)
317 2630 335 2669 1
368 2629 466 2671 cor.
496 2632 592 2680 XV,
621 2633 688 2673 22.
809 2633 853 2687 7)
883 2634 1009 2676 Rom.
1038 2634 1091 2683 v,
1122 2635 1187 2676 12.

240 2698 285 2753 8)
315 2700 379 2740 Ita
407 2700 513 2741 Msc.
544 2717 653 2742 unus
684 2700 850 2753 Regius.
913 2702 1079 2744 Caeteri
1108 2720 1209 2744 vero
1237 2703 1338 2745 Blss.
1371 2715 1411 2744 et
1436 2703 1537 2745 editi

125 2754 185 2810 (v.
217 2771 250 2796 c.
283 2755 376 2795 edd.
414 2756 524 2811 M).
563 2768 631 2806 „et
672 2757 728 2798 ita
768 2757 813 2798 in
852 2775 998 2800 omnes
1043 2760 1236 2802 homines
1276 2760 1537 2817 pertiansiit:

125 2827 215 2851 non
244 2811 400 2860 retulit,
431 2823 478 2852 ut
511 2811 696 2854 diceret“
727 2825 804 2858 etc.
833 2815 884 2858 R.
