1788 3111
510 122 982 165 COMMNENTARIORUM
1013 121 1106 162 Lm.
1148 123 1199 163 V.
1486 124 1572 167 363

267 238 308 280 4.
338 237 514 293 „Itaque
534 235 577 293 ¹)
606 235 713 277 sicut
740 251 819 290 per
846 233 972 275 unius
1003 232 1206 274 delictum
1234 233 1279 275 in
1311 250 1458 276 omnes
1490 234 1570 276 ho-

156 314 290 357 mines
318 314 361 356 in
394 312 817 355 condemnationem:
857 311 913 352 ita
952 322 992 351 et
1030 327 1107 366 per
1144 311 1269 352 unius
1298 311 1499 369 justitiam
1528 312 1573 353 in

158 408 305 433 omnes
336 391 529 432 homines
557 391 602 432 in
639 388 979 447 justificationem
1016 387 1164 429 vitae.“
1228 389 1325 430 Jam
1365 401 1406 429 et
1448 406 1573 446 supe-

158 469 244 510 rius
274 469 465 519 diximus,
497 469 614 525 quod
644 484 720 523 per
751 466 952 507 delictum
983 464 1137 506 Adami
1167 466 1281 506 velut
1312 466 1448 507 aditus
1479 466 1575 522 qui-

158 548 258 587 dam
288 547 409 587 datus
441 557 512 595 est,
546 562 630 600 quo
661 544 705 584 in
737 561 884 585 omnes
914 542 1107 584 homines
1136 543 1203 583 vel
1239 555 1480 598 peccatum,
1511 545 1576 585 vel

158 641 274 665 mors
304 622 487 679 peccati,
523 622 588 662 vel
628 621 928 663 condemnatio
966 618 1216 675 perveniret.
1285 620 1322 660 E
1362 621 1575 661 contrario

159 717 258 754 ergo
311 700 500 741 Christus
551 699 712 740 aditum
755 697 1061 756 justificationis
1108 696 1292 752 aperuit,
1336 714 1413 753 per
1451 714 1578 753 quem

159 777 241 818 vita
272 777 562 829 ingrederetur
592 778 647 817 ad
677 776 891 818 homines:
936 786 976 815 et
1012 773 1111 815 ideo
1154 773 1320 815 dicebat
1351 776 1404 815 de
1448 787 1581 816 semet

158 854 272 909 ipso:
304 854 423 905 „Ego
439 852 485 908 ²)
516 870 610 894 sum
642 854 808 894 ostium.
865 852 950 892 Per
979 868 1048 892 me
1078 850 1224 907 siquis
1250 851 1458 905 ingressus
1486 855 1580 893 sue-

159 931 224 980 rit,
263 929 531 971 salvabitur.“
599 930 686 970 Sed
737 929 790 969 de
831 928 893 969 his
933 926 1019 985 jam
1064 928 1107 968 in
1155 929 1445 984 superioribus
1485 929 1582 971 satis

160 1006 280 1062 est3)
311 1007 486 1049 dictum.
546 1007 661 1047 Illud
690 1017 832 1047 tamen
863 1006 1175 1046 observandum
1208 1017 1288 1055 est,
1329 1008 1447 1062 quod
1492 1024 1583 1047 non

160 1084 284 1125 dixit:
324 1083 516 1141 ,‚sieut4)
555 1083 600 1124 in
641 1100 787 1125 omnes
832 1083 1025 1124 homines
1066 1082 1110 1123 in
1153 1084 1583 1125 condemnationem“

160 1160 322 1209 mortis,
352 1162 427 1201 sed
455 1162 778 1201 tantummodo:
809 1160 880 1209 „in
912 1160 1355 1215 condemnationem‚‘·
1387 1178 1473 1217 quo
1504 1161 1583 1203 sci-

160 1237 259 1278 licet
288 1237 333 1277 in
366 1236 563 1278 omnihus
603 1238 760 1292 probet
795 1237 933 1278 multo
974 1237 1258 1278 abundantius
1290 1239 1454 1278 donum
1486 1254 1586 1290 esse,

163 1331 291 1369 quam
323 1314 536 1356 delictum.
608 1314 845 1369 Quomodo
877 1332 998 1365 sane,
1045 1315 1109 1356 vel
1142 1331 1250 1370 quae
1282 1313 1583 1355 condemnatio

162 1391 207 1432 in
239 1408 387 1432 omnes
428 1391 622 1433 homines
660 1392 842 1442 venerit,
884 1393 1117 1433 videndum
1157 1403 1228 1432 est.
1295 1392 1352 1432 Et
1391 1392 1587 1432 sufficere

162 1467 340 1509 forsitan
370 1480 511 1523 potest
541 1470 776 1510 secundum
807 1469 1041 1525 simplicem
1072 1467 1399 1524 expositionem,
1443 1479 1491 1508 ut
1522 1468 1586 1508 di-

164 1562 307 1586 camus
339 1545 741 1587 condemnationem
763 1563 850 1587 esse
874 1547 1016 1587 delicti
1039 1562 1312 1587 communem
1337 1546 1445 1585 hanc
1470 1561 1586 1585 mor-

164 1634 263 1672 tem,
296 1639 404 1678 quae
437 1622 635 1664 omnihus
665 1623 790 1673 venit,
823 1635 863 1664 et
893 1623 1042 1672 veniet,
1074 1623 1201 1664 etiam
1231 1622 1264 1663 si
1286 1621 1385 1679 justi
1415 1622 1588 1662 videan-

164 1711 246 1741 tur.
307 1700 441 1754 Quod
479 1699 514 1741 si
549 1701 661 1741 forte
701 1700 852 1756 aliquis
893 1698 1064 1755 objiciat
1112 1700 1166 1739 de
1202 1699 1356 1740 Enoch
1403 1711 1444 1740 et
1481 1699 1591 1750 Elia,

167 1777 240 1833 qui
270 1777 461 1818 translati
500 1777 672 1832 sunt‚⁵)
710 1793 765 1818 ne
805 1777 997 1818 viderent
1034 1788 1243 1817 mortem:
1284 1777 1425 1831 hocfi)
1456 1777 1590 1817 modo

165 1856 268 1896 haec
299 1872 423 1896 causa
459 1856 663 1896 salvatur:
708 1856 826 1910 quod
862 1872 953 1896 non
994 1853 1200 1895 continuo
1233 1855 1337 1895 falsa
1368 1853 1592 1895 videantur

168 1948 227 1981 ea,
260 1949 368 1988 quae
397 1932 451 1973 de
483 1931 681 1973 omnibus
728 1931 951 1982 dicuntur,
981 1931 1014 1973 si
1045 1931 1187 1987 aliqua
1217 1929 1474 1985 dispensatio
1508 1929 1591 1970 Dei

166 2009 212 2050 in
255 2026 342 2050 uno
385 2009 451 2049 vel
493 2009 662 2049 duobus
703 2008 948 2049 hominibus
990 2010 1100 2048 sacta
1143 2019 1213 2050 est.
1287 2007 1373 2048 Sed
1415 2018 1455 2046 et
1483 2005 1591 2046 illud

169 2086 261 2142 quis
294 2096 595 2140 competenter,
624 2095 671 2124 ut
704 2083 900 2133 arbitror,
930 2085 1120 2139 proferet
1149 2083 1193 2123 in
1212 2084 1322 2132 loen,
1356 2082 1464 2138 qula,
1496 2100 1592 2123 cum

168 2162 411 2219 deliquisset
432 2163 583 2212 Adam,
613 2160 816 2216 scriptum
847 2171 918 2210 est,
937 2161 983 2215 ⁷)
1013 2163 1131 2217 quod
1162 2159 1284 2217 ejecit
1315 2177 1411 2202 eum
1438 2159 1592 2201 Domi-

291 2337 333 2391 ¹>
363 2338 489 2378 Rom.
521 2338 574 2386 V,
607 2337 671 2379 18.
791 2334 836 2390 2)
868 2334 945 2375 Ev.
974 2332 1130 2372 Joann.
1161 2333 1217 2382 X,
1249 2333 1288 2375 9.

286 2407 328 2461 ³)
362 2407 641 2448 Desideratur
674 2410 787 2456 ‚‚est“
817 2405 862 2444 in
893 2404 986 2445 edd.
1017 2403 1205 2444 'MerlinL

286 2476 332 2532 ἃ)
361 2478 493 2518 Deest
522 2477 681 2528 ‚‚sicut“
711 2476 755 2516 in
785 2476 880 2516 edd.
911 2475 974 2515 M.
1006 2499 1057 2504 —
1091 2473 1178 2514 Cfr.
1210 2474 1334 2515 Rom.
1365 2474 1417 2523 V,
1454 2476 1513 2517 18.

288 2546 333 2601 ⁵)
365 2546 452 2587 Cfr.
486 2547 638 2590 Genes.
670 2548 722 2596 V,
751 2548 819 2588 24.
852 2557 892 2585 et
921 2545 961 2584 II
990 2544 1117 2596 Regg.
1148 2545 1201 2592 H,
1234 2548 1298 2587 11.
1331 2542 1415 2599 (lv
1444 2545 1595 2598 Regg)

289 2616 334 2670 ⁶)
366 2616 504 2657 Alias:
550 2617 620 2665 „id
661 2617 779 2671 quod
822 2615 955 2655 modo
988 2613 1062 2668 (al.
1097 2614 1145 2652 in
1177 2612 1262 2652 hoc
1303 2612 1500 2663 mundo,
1546 2616 1596 2655 al.

176 2670 259 2712 hoc
298 2671 460 2727 modo)
501 2673 805 2714 excusabitur.“
864 2672 949 2712 Sed
987 2669 1138 2710 rectius
1176 2669 1280 2710 '‘Msc.
1320 2686 1428 2709 unus
1469 2681 1515 2709 ut.
1555 2669 1595 2710 in

176 2738 321 2769 nostro
360 2739 489 2768 textu.
527 2729 574 2770 R.
615 2754 666 2760 —-
708 2730 788 2769 Ed.
828 2728 889 2767 M.
931 2728 968 2766 l:
1003 2727 1072 2774 „in
1104 2726 1185 2764 hoc
1216 2726 1348 2765 modo
1381 2726 1594 2767 excusabi-

176 2788 284 2834 tur‚“
315 2784 379 2824 ed.
407 2785 467 2824 Μ.
500 2786 561 2825 H:
594 2784 664 2835 „id
697 2786 778 2825 hoc
810 2784 943 2824 modo
977 2781 1280 2823 excusabitur.“

294 2852 337 2908 ⁷)
373 2852 523 2896 Genes.
555 2855 629 2904 III,
658 2855 724 2898 23.
755 2855 821 2897 21.
