1788 3111
211 141 295 186 164
546 138 769 182 Omenms
795 150 843 182 m
871 140 950 181 Ep,
980 149 1041 181 An
1073 128 1303 184 Rom-nos

210 254 427 302 stolicam,
468 252 746 309 requiramus.
814 252 968 295 Omnis
1007 254 1228 311 disciplina
1259 271 1308 296 ex
1343 255 1633 312 prosperis,¹)

214 344 254 374 et
284 348 332 373 ex
363 329 555 381 adversis,
583 331 650 372 vel
679 330 901 372 contrariis
932 342 1105 373 constat.
1163 332 1296 374 Verbi
1316 332 1466 384 gratia:
1496 333 1634 375 medi-

215 410 307 451 cina
323 408 370 463 ²)
409 407 628 450 scientiam
667 424 760 450 non
797 409 939 450 solum
978 407 1188 460 sanitatis,
1225 410 1299 451 sed
1341 420 1381 449 et
1416 409 1632 461 languoris

210 488 457 543 profitetur:
500 497 539 526 et
567 485 759 541 quamvis
787 485 971 528 sanitatis
1000 485 1188 528 studium
1220 496 1347 538 gerat,
1376 503 1468 527 non
1495 497 1635 542 potest

212 576 356 606 tamen
385 563 560 613 nescire,
591 578 700 618 quac
729 561 945 612 languoris
971 575 1080 604 sunt.
1139 563 1345 604 Similiter
1377 574 1416 604 et
1444 564 1634 618 pruden-

211 642 267 683 tia
297 658 376 697 per
404 641 512 682 boni
542 651 583 691 et
610 639 714 681 mali
739 637 956 681 scientiam
987 651 1170 682 constat:
1212 652 1252 681 et
1266 639 1311 695 3)
1341 639 1635 696 temperantia,

212 735 321 775 quae
351 717 542 770 eligenda
583 729 622 758 et
661 733 769 773 quae
807 718 995 758 cavenda
1028 717 1131 767 sint,
1169 718 1305 759 novit:
1347 729 1386 758 et
1423 716 1634 758 fortitudo

209 813 304 837 non
343 795 533 847 ignorat,
577 809 687 850 quac
729 795 783 835 ad
829 793 1110 836 formidinem
1156 806 1358 851 spectant.
1424 792 1559 850 Ita⁴)›
1597 805 1637 835 et

208 872 379 930 justitia.
439 872 487 913 Si
514 870 624 913 scire
652 871 873 921 volumus,
914 871 1019 927 quid
1057 884 1115 914 est
1152 871 1329 930 justitia,
1369 888 1540 913 necesse
1579 882 1638 913 est

209 968 292 996 nos
332 950 439 992 scire
480 947 582 995 et5)
621 948 732 1004 quid*
767 959 825 989 est
863 945 1084 1003 injustitia:
1136 966 1234 990 cum
1277 960 1418 990 autem
1460 950 1634 1005 plenam

209 1027 426 1070 scientiam
464 1026 694 1084 injustitiae
733 1025 992 1081 ceperimus,
1031 1043 1078 1067 ex
1119 1026 1232 1083 ipsa,
1273 1043 1382 1082 quae
1419 1025 1471 1068 sit
1510 1025 1635 1067 etiam

208 1103 390 1162 justitia,
432 1118 759 1155 cognoscemus:
805 1119 903 1143 cum
943 1103 1057 1144 enim
1098 1104 1316 1154 claruerit,
1359 1103 1461 1159 quid
1490 1103 1541 1144 sit
1570 1102 1635 1144 in-

208 1181 390 1239 justum,
429 1191 763 1236 consequenter,
799 1179 903 1234 quid
942 1181 1066 1221 etiam
1105 1179 1263 1236 justum
1291 1180 1361 1230 sit,
1401 1179 1635 1235 apparebit.

209 1259 267 1300 Et
295 1258 503 1315 quoniam
530 1256 688 1315 justitia
703 1254 746 1310 6)
783 1255 830 1296 in
859 1255 958 1296 Deo
990 1267 1071 1305 est,
1114 1254 1233 1312 cujus
1261 1269 1414 1298 natura
1443 1256 1635 1297 humano

208 1337 348 1379 sensui
377 1335 588 1377 inaccessa
627 1344 708 1383 est,
746 1331 951 1389 injustitia
991 1349 1092 1374 vero
1133 1333 1178 1374 in
1207 1334 1334 1376 nobis
1374 1332 1637 1381 hominibus,

209 1415 276 1455 vel
308 1413 433 1455 etiam
462 1412 506 1454 in
545 1424 806 1466 unaquaque
845 1408 1091 1452 rationabili
1122 1423 1311 1452 creatura
1343 1411 1547 1452 habetur:
1587 1426 1636 1451 ex

209 1492 292 1533 hac
321 1503 467 1532 nostra
496 1488 721 1547 injustitia,
752 1503 861 1544 quae
890 1486 1016 1528 nohis
1046 1499 1149 1528 nota
1182 1500 1260 1538 est,
1293 1489 1385 1540 illa,
1418 1505 1525 1545 quae
1554 1505 1636 1530 no·

208 1569 276 1610 bis
294 1567 338 1625 ⁷)
369 1569 482 1609 velut
509 1567 722 1608 inaccessa
753 1577 811 1607 est
833 1576 873 1606 et
890 1564 1347 1621 incomprehensibilis,
1377 1567 1461 1607 Dei
1480 1564 1635 1623 justitia

211 1646 484 1697 cognoscitur
518 1656 558 1686 et
590 1644 944 1692 commendatur,
990 1654 1030 1683 et
1059 1643 1173 1684 velut
1202 1659 1248 1683 ex
1280 1642 1496 1684 contrario
1529 1659 1634 1683 con-

210 1721 388 1763 trarium
418 1720 633 1777 proditur.
691 1720 825 1761 Notat
852 1719 978 1770 igitur
1007 1719 1241 1774 Apostolus
1271 1720 1428 1761 Paulus
1457 1719 1634 1775 imperi-

208 1800 311 1841 tiam
324 1798 370 1855 8)
403 1815 579 1848 eorum,
608 1797 681 1852 qui
711 1796 1088 1851 inconsequentem
1107 1794 1152 1851 ⁹)
1185 1795 1392 1853 objiciunt
1421 1797 1634 1852 quaestio—

208 1893 325 1926 nem,
351 1886 548 1931 putantes
576 1873 774 1930 iniquum
806 1888 890 1915 esse
909 1872 1068 1924 Deum,
1099 1873 1173 1928 qui
1192 1873 1299 1916 iram
1319 1875 1363 1916 in
1387 1874 1633 1916 hominibus

329 2063 373 2121 ¹)
404 2065 515 2106 Edd.
544 2062 741 2105 ΜθιΙὶῐιί;
771 2065 970 2121 propriis.

326 2135 376 2201 ²)
404 2135 517 2176 Edd.
539 2133 737 2175 Merlini:
766 2134 1005 2176 medicinae
1023 2134 1195 2177 scientia
1220 2151 1311 2176 non
1333 2158 1384 2167 —-
1405 2134 1632 2190 profitetur

212 2192 516 2245 cognitionem,
548 2201 588 2231 et
618 2190 808 2246 quamvis
840 2202 915 2232 etc.

326 2261 374 2317 ³)
404 2261 537 2302 Deest
565 2265 657 2311 „et“
687 2260 733 2302 in
764 2262 859 2304 edd.
889 2261 950 2302 Μ.

328 2336 375 2394 4)
407 2337 540 2434 ΑΙΙζιῆε.
583 2339 679 2388 „lta
716 2349 755 2379 et
780 2337 813 2380 si
845 2337 1047 2396 justitiam
1077 2339 1183 2381 scire
1212 2339 1430 2387 volumus,
1467 2350 1634 2377 neccsse

211 2398 296 2437 est“
326 2405 402 2435 etc.

329 2462 376 2520 ⁵)
402 2463 682 2506 Desideratur
713 2470 806 2516 „et“
835 2466 879 2506 in
909 2466 972 2506 ed.
1003 2464 1150 2506 Ruaei.

327 2542 375 2597 ο)
403 2541 515 2583 Edd.
545 2541 740 2583 Merlini:
769 2541 815 2582 in
845 2542 942 2582 Deo
975 2553 1033 2582 est
1061 2540 1228 2598 justitia.

328 2616 375 2675 ⁷)
406 2617 544 2660 Editi:
575 2618 726 2668 „nobis
757 2619 821 2659 vel
851 2618 1062 2659 inaccessa
1096 2629 1173 2666 est,
1204 2617 1268 2657 vel
1300 2616 1630 2672 incomprehen-

209 2674 340 2717 sibilis
372 2675 455 2717 Dei
493 2674 682 2741 justitia“
723 2686 802 2716 etc.
840 2674 890 2715 R.
931 2699 986 2707 ——
1025 2673 1137 2714 Edd.
1169 2673 1362 2714 Mcrlini:
1402 2673 1528 2715 nobis
1567 2673 1628 2715 vel

210 2732 420 2774 inaccessa
451 2743 530 2782 est,
566 2743 606 2773 et
632 2730 1076 2787 incomprehensibilis
1105 2729 1189 2770 Dei
1216 2729 1371 2787 justitia
1403 2741 1479 2771 etc.

326 2807 373 2863 ⁸)
404 2808 520 2850 Alias
549 2809 610 2864 (v.
642 2824 675 2850 c.
706 2808 752 2849 in
783 2809 879 2850 edd.
907 2807 1016 2862 M.:)
1045 2805 1309 2863 „1n1ur1a1n“
1350 2805 1401 2849 R.

328 2885 375 2939 ⁹)
405 2885 517 2928 Edd.
547 2885 743 2929 Merlini:
774 2887 1139 2942 inconsequenter.
