1788 3111
538 110 980 159 Commeummonum
1012 107 1103 150 Lm.
1133 107 1164 147 1.
1507 106 1566 150 39

135 223 502 267 obsecrationibus
554 225 751 280 impetret
778 221 820 277 ¹)
868 239 959 264 non
1010 221 1151 263 solum
1191 236 1448 277 prosperum
1485 219 1566 262 sibi

132 303 212 345 iter
244 303 347 352 fieri,
378 304 450 345 sed
484 313 522 343 et
550 301 594 342 in
626 301 846 341 voluntate
872 299 955 340 Dei
986 314 1242 355 prosperum
1271 297 1375 339 fieri.
1435 297 1564 340 Unde

135 390 175 420 et
212 380 348 420 multo
379 379 510 431 magis
539 379 691 426 nobis,
731 377 885 432 quibus
925 393 1017 417 non
1058 386 1118 416 est
1156 375 1220 416 vel
1253 375 1394 429 operis
1434 386 1564 424 tanta,

133 457 198 497 vel
228 456 366 497 meriti
400 454 676 503 conscientia,
723 469 819 493 cum
865 453 1025 509 aliquid
1068 467 1191 504 agere
1222 450 1507 507 disponimus,
1538 467 1561 492 a

132 532 229 574 Deo
260 533 419 575 itineris
449 530 708 588 prosperitas
731 530 987 584 postulanda
1009 541 1077 571 est.
1129 528 1239 569 Puto
1261 540 1417 578 tamen,
1440 529 1558 584 quod

132 609 257 651 etiam
289 610 372 651 hoc
388 609 434 665 2)
474 608 607 650 voluit
645 606 818 657 intelligi
849 607 1102 662 Apostolus,
1141 605 1242 662 quia
1272 622 1364 647 non
1392 620 1561 659 semper

131 686 354 740 itineris3)
391 685 649 742 prosperitas
689 684 773 724 Dei
813 685 1032 724 voluntate
1070 683 1300 739 perficitur.
1358 681 1560 737 Denique

132 774 172 803 et
200 761 377 803 Balaam
392 762 436 818 4)
468 763 546 804 iter
575 761 726 801 habuit
754 777 1009 816 prosperum
1044 760 1174 801 eundi
1205 761 1259 802 ad
1289 759 1474 807 Balach,
1512 768 1558 798 ut

128 838 404 880 malediceret
433 840 599 895 populo
633 838 780 879 Israel:
822 839 894 878 sed
925 855 1016 878 non
1048 837 1127 878 suit
1155 837 1227 878 illa
1259 854 1306 877 ex
1337 837 1557 876 voluntate

130 917 272 957 divina
303 916 575 972 prosperitas.
644 916 699 956 Et
734 916 858 956 multi
895 915 940 955 in
981 917 1107 956 rebus
1144 914 1302 955 saeculi
1339 909 1555 968 prosperis

123 1004 303 1034 utuntur
333 994 615 1043 successibus,
647 1005 686 1034 et
727 994 932 1034 exsultant
971 993 1012 1033 in
1056 990 1410 1048 prosperitatibus
1448 986 1554 1029 suis:

121 1071 198 1111 sed
234 1086 323 1110 non
356 1080 414 1110 est
443 1069 535 1110 talis
566 1070 822 1126 prosperitas
864 1086 912 1111 ex
941 1071 1160 1111 voluntate
1187 1067 1294 1117 Dei,
1334 1065 1415 1108 nisi
1453 1081 1551 1106 cum

122 1147 205 1187 tale
237 1157 296 1187 est
328 1163 435 1202 opus
464 1146 625 1189 itineris
654 1148 803 1197 nostri,
834 1149 958 1203 quale
988 1147 1057 1188 hic
1090 1146 1277 1197 designat
1306 1143 1550 1200 Apostolus.

233 1225 297 1265 12.
344 1224 587 1272 „Desidero
605 1223 649 1279 5)
689 1225 824 1275 enim,
866 1222 1089 1280 inquit,⁶)
1130 1222 1274 1264 videre
1305 1238 1403 1270 vos,
1443 1217 1549 1273 ut7)

123 1301 299 1356 aliquod
330 1303 497 1342 tradam
529 1302 649 1342 vobis
691 1303 854 1342 donum
891 1301 1109 1357 spirituale
1141 1301 1196 1341 ad
1212 1298 1258 1354 8)
1290 1298 1552 1339 confirman-

124 1379 227 1418 dum
259 1394 345 1425 vos,
374 1377 419 1418 id
452 1389 522 1426 est,
552 1378 675 1418 simul
694 1377 739 1432 ⁹)
772 1378 982 1419 consolari
1002 1378 1046 1418 in
1069 1377 1188 1418 vobis
1208 1392 1286 1431 per
1302 1391 1410 1424 eam,
1441 1387 1552 1428 quae

125 1454 307 1494 invicem
338 1465 408 1501 est,
438 1455 569 1494 fidem
589 1466 767 1495 vestram
799 1467 924 1510 atque
954 1459 1134 1497 meam.“
1175 1451 1323 1493 Primo
1350 1449 1549 1492 omnium

123 1531 283 1572 discere
323 1531 549 1580 debemus,
592 1547 699 1586 opus
739 1548 822 1573 esse
853 1531 1154 1586 Apostolicum
1185 1529 1426 1571 desiderare
1462 1528 1549 1568 fra-

123 1619 225 1656 tres,
262 1608 336 1648 sed
374 1624 465 1647 non
498 1608 623 1648 aliam
666 1610 721 1648 ob
763 1625 954 1657 causam,
993 1608 1074 1649 nisi
1104 1619 1151 1648 ut
1178 1608 1244 1648 vel
1275 1607 1548 1647 conferamus

117 1683 166 1725 iis
197 1683 359 1739 aliquid
390 1683 494 1724 doni
523 1683 761 1739 spiritualis,
791 1684 825 1725 si
853 1697 1091 1740 possumus,
1123 1684 1190 1724 vel
1215 1683 1251 1724 si
1273 1698 1366 1723 non
1396 1667 1548 1738 possu-

117 1777 233 1810 mus,
263 1758 430 1816 ipsi¹⁰)
470 1772 518 1802 ut
557 1760 907 1817 accipiamus¹¹)
946 1761 999 1801 ab
1040 1761 1115 1802 his.
1176 1759 1279 1801 Sine
1315 1759 1402 1800 hoc
1431 1757 1544 1799 enim

236 1926 282 1982 1)
311 1927 448 1969 Alias:
491 1927 742 1983 „imploret“
780 1928 855 1982 (al.
888 1928 982 1983 imp
987 1925 1127 1973 [ει-εκ
1165 1927 1217 1968 al.
1245 1923 1544 1984 impetraret)

118 2014 144 2032 ,
134 1999 244 2030 non
275 1983 452 2024 solum“
485 1995 559 2025 etc.
592 1983 639 2025 R.
671 2012 726 2020 -.
764 1983 845 2025 Ed.
874 1984 936 2025 M.
966 1984 1007 2025 Ι.
1045 1984 1307 2041 „impleret“
1337 1994 1415 2024 etc.
1427 2015 1437 2033 ,
1477 1983 1543 2023 ed.

120 2039 180 2079 M
210 2039 269 2080 II.
301 2041 596 2095 „impetraret“
631 2052 707 2081 etc.

235 2108 280 2163 2)
312 2109 390 2150 Ed.
423 2110 484 2150 M.
516 2108 556 2149 I:
599 2109 714 2150 haec.

236 2177 282 2234 3)
314 2178 428 2224 Edd.¹
455 2179 648 2220 Merlini:
680 2181 942 2235 prosperitas
971 2178 1144 2221 itineris.

236 2247 283 2303 4)
313 2249 441 2289 Num.
472 2249 610 2290 XXII.
728 2249 773 2304 ⁵)
804 2249 928 2291 Rom.
959 2250 991 2299 Ι,
1022 2252 1088 2294 11.
1121 2253 1186 2294 12.

236 2319 284 2372 6)
313 2319 445 2360 Deest
474 2319 663 2374 „inquit“
693 2319 736 2361 in
768 2321 863 2361 edd.
893 2319 1081 2361 Merlini.

236 2387 281 2442 7)
312 2388 429 2430 Editi
457 2389 517 2445 (e.
549 2407 580 2429 c.
615 2392 710 2431 edd.
741 2390 847 2445 ἈΊ.);
878 2401 960 2439 „ut
989 2389 1152 2445 aliquid
1179 2389 1433 2445 impartiar“
1462 2389 1538 2444 (al.

121 2445 445 2544 ἓὲζὶαῖεἱαίιιν)
476 2447 621 2497 „vobis
653 2447 808 2500 gratiae
839 2445 1102 2502 spiritualis.“
1134 2446 1184 2487 R.
1215 2471 1269 2477 —
1301 2445 1388 2487 Csr.
1407 2464 1447 2502 p.
1472 2447 1540 2487 40.

236 2569 283 2624 8)
310 2570 422 2613 Edd.
453 2572 647 2614 Merlini:
687 2575 742 2614 ad
772 2572 1094 2614 confirmandos
1124 2588 1209 2614 vos.

238 2639 285 2695 ⁹)
316 2641 594 2683 Desideratur
623 2643 799 2692 „simul“
831 2643 877 2684 in
907 2645 972 2685 ed.
1001 2641 1151 2684 Ruaei.

211 2706 282 2774 1“’)
313 2711 450 2752 Alias:
482 2723 554 2761 „ut
581 2712 662 2768 ipsi
680 2712 911 2778 capiamus
943 2713 996 2754 ab
1029 2712 1123 2755 eis.“
1151 2712 1202 2752 R.
1234 2735 1286 2744 -
1315 2710 1396 2752 Ed.
1406 2709 1467 2751 M.
1480 2709 1539 2751 II:

122 2766 212 2814 „vel
241 2766 275 2808 si
304 2783 397 2807 non
423 2784 648 2823 possumus
677 2768 771 2824 ipsi,
800 2773 872 2809 ut“
903 2781 979 2810 etc

213 2834 225 2858 ¹
243 2834 285 2888 ¹)
314 2834 425 2878 Edd.
454 2836 602 2880 Merla
636 2837 852 2895 capiamus
882 2839 935 2880 ab
968 2838 1035 2882 eis.
1081 2837 1169 2881 Cfr.
1198 2856 1240 2895 p.
1256 2837 1343 2897 hu).
1363 2847 1452 2880 not.
1473 2838 1538 2883 10.
