1788 3111
497 135 939 179 COMMENTARIORUM
967 135 1060 179 LIB.
1086 137 1156 178 III.
1457 141 1542 184 205

122 265 204 299 eos,
236 247 308 304 qui
338 248 382 289 iu
411 260 682 304 peccatorum
713 247 950 303 captivitate
980 250 1261 301 tenebantur,
1294 253 1538 306 redimeret,

122 327 225 367 dum
255 324 371 376 „sine
391 326 431 382 ¹)
463 325 620 378 De02)
652 341 731 380 pro
765 324 965 366 omnibus
995 333 1206 366 mortem“
1237 341 1394 381 gustat:
1427 347 1542 372 nunc

122 402 300 456 addit3)
332 402 494 458 aliquid
516 401 749 451 sublimius,
781 413 821 442 et
841 401 952 451 dicit,
979 401 1076 458 quia
1106 406 1359 460 „proposuit
1372 406 1412 461 4)
1445 424 1543 448 eum

119 480 239 521 Deus
283 479 632 536 propitiationem
676 495 754 534 per
801 479 931 519 fidem
968 478 1013 519 in
1053 480 1255 533 sanguine
1294 481 1542 537 ipsius⁵):“

121 574 208 612 quo
241 557 398 598 scilicet
426 573 504 611 per
533 554 714 596 hostiam
756 555 820 596 sui
861 556 1050 612 corporis
1088 558 1325 613 propitium
1356 559 1542 600 homini-

119 635 198 674 bus
231 635 390 674 faceret
420 633 583 682 Deum,
616 643 656 672 et
685 648 762 687 per
792 633 875 673 hoc
908 635 1149 675 ostenderet
1179 634 1380 691 justitiam
1410 652 1543 686 suam,

120 712 224 751 dum
256 709 304 751 iis
336 709 567 750 remitteret
595 709 890 764 praecedentia
923 711 1087 761 delicta,
1121 729 1228 768 quae
1258 712 1446 768 pessimis
1477 725 1543 771 ty-

120 785 262 827 rannis
293 785 512 827 serviendo
546 797 841 827 contraxerant
873 803 923 828 eo
957 799 1163 844 tempore,
1197 806 1282 845 quo
1311 789 1543 830 sustinebat

120 874 161 903 et
190 861 430 919 patiebatur
459 863 579 903 Deus
610 864 714 904 haec
745 862 850 905 fieri.
912 864 999 905 Sed
1019 865 1062 920 ⁵)
1095 867 1148 906 ad
1178 867 1260 906 hoc
1290 865 1542 920 patiebatur,

118 951 165 980 ut
183 939 226 994 ⁷)
256 950 354 994 post
384 939 499 988 haec,
530 938 575 979 id
606 952 690 989 est,
733 939 777 980 in
807 942 890 981 hoc
920 953 1116 997 tempore
1148 944 1389 984 ostenderet
1418 941 1539 1000 justi-

116 1015 219 1057 tiam
248 1032 378 1057 suam.
438 1016 491 1056 In
522 1016 889 1057 consummatione
929 1018 1084 1058 etenim
1115 1019 1292 1069 saeculi,
1323 1019 1366 1059 in
1396 1018 1541 1060 novis-

116 1093 224 1135 simo
255 1105 450 1148 tempore
468 1092 749 1134 manifestavit
766 1093 885 1134 Deus
906 1092 1107 1150 justitiam
1137 1113 1268 1147 suam,
1302 1108 1341 1137 et
1372 1098 1541 1137 redem-

115 1171 279 1212 tionem
310 1169 427 1211 dedit
457 1186 567 1218 eum,
601 1186 728 1224 quem
756 1170 1145 1226 propitiatoremS)
1175 1173 1296 1213 fecit:
1329 1190 1384 1213 ne
1412 1174 1539 1223 forte,

117 1248 151 1289 si
179 1247 296 1303 prius
326 1245 650 1302 propitiatorem
681 1245 878 1296 misisset,
919 1265 1009 1289 non
1047 1261 1133 1290 tam
1175 1250 1334 1290 multos
1366 1248 1542 1290 humani

118 1323 279 1377 generis
310 1321 624 1378 repropitiasset
653 1322 764 1371 Deo,
797 1339 924 1377 quam
953 1323 997 1365 in
1029 1325 1091 1366 his
1121 1326 1412 1381 temporibus,
1446 1326 1539 1381 qui-

117 1402 197 1441 bus
227 1398 313 1457 jam
341 1400 527 1439 mundus
558 1398 743 1454 repletus
773 1398 940 1441 videtur
970 1402 1227 1444 hominibus.
1282 1403 1401 1443 Deus
1429 1403 1542 1444 enim

116 1475 251 1533 justus
297 1487 377 1525 est,
418 1487 458 1516 et
495 1473 630 1532 justus
667 1473 895 1532 justificare
935 1493 1025 1519 non
1074 1489 1242 1533 poterat
1278 1478 1542 1536 injustos:⁹)

114 1552 214 1593 ideo
245 1552 530 1592 interventum
559 1551 694 1592 voluit
724 1568 810 1593 esse
840 1553 1151 1608 propitiatoris,
1184 1567 1231 1596 ut
1260 1573 1338 1611 per
1370 1556 1457 1613 ejus
1489 1557 1540 1596 fi-

116 1630 214 1670 dem
245 1627 585 1684 justificarentur,
621 1627 692 1683 qui
721 1645 799 1683 per
831 1645 960 1684 opera
999 1630 1174 1685 propria
1204 1631 1421 1688 justificari
1450 1649 1542 1674 non

118 1716 329 1761 poterant.
388 1705 516 1753 Haec,
550 1715 757 1758 quantum
788 1705 842 1744 ad
873 1705 1078 1746 sermonis
1118 1706 1247 1762 ipsius
1279 1709 1539 1763 explanatioss-

113 1798 213 1823 nem
243 1792 444 1837 spectant,
473 1780 700 1837 praemissa
730 1780 824 1831 sint,
854 1793 903 1822 ut
934 1783 1182 1837 Apostolica
1209 1782 1335 1824 lectio
1369 1783 1538 1825 eviden-

112 1858 198 1900 tior
226 1859 310 1899 fiat.
367 1859 493 1899 Nunc
524 1870 678 1909 autem,
708 1869 757 1898 ut
785 1858 910 1898 nohis
952 1859 1083 1900 moris
1115 1872 1196 1910 est,
1229 1861 1332 1916 quid
1362 1861 1540 1902 interior

113 1952 258 1978 sensus
289 1935 527 1991 Apostolici
557 1934 762 1976 sermonis
796 1935 1032 1986 contineat,
1063 1937 1347 1994 requiramus;
1379 1949 1419 1979 et
1447 1937 1536 1994 pri-

233 2068 276 2123 ¹)
308 2069 441 2109 Hebr.
471 2069 525 2117 Π,
558 2069 595 2110 9.

228 2136 275 2191 ²)
306 2137 418 2177 Edd.
448 2138 641 2178 Merlini:
674 2138 764 2179 sine
802 2139 920 2180 dolo.

231 2207 278 2263 3)
308 2207 418 2248 Edd.
448 2207 644 2248 Merlini:
678 2208 855 2250 addidit.

232 2275 278 2331 4)
307 2277 433 2317 Rom.
462 2278 537 2327 III,
566 2280 633 2320 25.
665 2279 761 2319 coll.
793 2296 834 2334 p.
863 2279 959 2321 204.
990 2288 1078 2318 not.
1108 2277 1147 2318 5.

230 2345 277 2401 ⁵)
305 2347 388 2392 Ed,
418 2347 554 2388 Ruaei
583 2349 622 2388 h.
654 2348 765 2397 loco,
797 2350 869 2389 cfr.
899 2365 940 2402 p.
970 2348 1063 2390 204.
1093 2358 1182 2387 not.
1213 2349 1265 2397 5.‚
1295 2349 1456 2405 ipsius.

230 2417 276 2472 ⁶)
306 2415 441 2457 Editi:
473 2418 587 2466 „Sed
617 2418 754 2458 adhuc
782 2417 1042 2472 patiebatur,
1082 2428 1130 2457 ut
1158 2429 1257 2472 post
1287 2419 1389 2461 haec
1418 2420 1534 2463 idem

114 2472 160 2514 in
190 2473 273 2513 hoc
303 2484 508 2528 tempore
514 2480 537 2497 ‘⁶
566 2475 616 2517 R.

230 2542 276 2598 7)
305 2544 417 2584 Edd.
448 2543 642 2584 Merlini:
673 2556 720 2585 ut
749 2556 846 2600 post
876 2545 978 2585 haec
1006 2543 1161 2585 idem
1149 2561 1194 2584 m
1224 2544 1306 2585 hoc
1341 2557 1534 2601 tempole

118 2609 196 2639 etc,
228 2623 280 2631 —
314 2599 399 2640 Cfr.
432 2599 559 2642 Rom.
589 2602 664 2650 Ill,
695 2603 762 2643 25.
793 2603 859 2644 ‘26

229 2667 276 2722 ⁸)
307 2668 388 2709 Ed.
418 2669 554 2711 Ruaei
585 2671 622 2711 h.
654 2672 751 2711 loco
785 2682 825 2711 et
853 2686 982 2735 seqq?
1013 2671 1085 2710 csr.
1116 2686 1206 2724 pag.
1237 2671 1330 2713 201.
1361 2684 1450 2713 not.
1481 2673 1534 2722 5.,

114 2738 213 2762 mox
243 2727 622 2786 propiciatorem,
654 2744 753 2767 mox
782 2727 1184 2782 propzciatorium.

229 2790 408 2889 ⁹)RMsc.
460 2794 606 2839 Codex
662 2795 832 2840 Vallis·
853 2796 1003 2838 Clarae
1055 2797 1200 2837 habet:
1261 2795 1364 2847 „nisi
1416 2796 1529 2854 inju-

114 2853 240 2889 stos.“
313 2881 322 2890 .
