1788 3111
195 149 281 196 196
534 145 759 188 Omenms
788 156 836 187 m
862 143 939 188 ΕΡ.
971 155 1030 186 An
1063 142 1312 189 ROMANos'

188 260 373 315 „causati
393 259 434 317 ι)
476 258 590 301 enim
622 277 790 309 sumus,
850 259 1041 300 Judaeos
1074 270 1114 300 et
1145 259 1334 301 Graecos
1366 275 1514 302 omnes
1544 262 1624 302 sub

188 351 364 398 peccato
397 355 505 388 esse,
563 336 671 379 sicut
714 335 981 393 scriptum2)
1035 348 1115 378 est:
1151 336 1247 393 quia
1277 353 1369 378 non
1400 349 1461 378 cst
1489 337 1623 395 justus

193 418 436 475 quisquam:
467 432 559 457 non
589 426 650 455 cst
677 412 937 466 intelligens,
968 430 1059 454 non
1090 426 1151 455 est
1182 414 1405 469 requirens
1435 415 1623 457 Deum.“

305 497 343 538 7.
400 492 612 547 „Nunc-²¹)
646 503 788 532 autem
819 490 913 531 sine
941 491 1033 544 lege
1062 490 1220 548 justitia
1251 491 1337 533 Dei
1360 491 1624 534 manifestata

192 586 265 624 est,
295 571 512 614 testificata
545 586 567 610 a
597 570 688 622 lege
723 579 763 609 et
791 568 1024 623 prophetis.
1074 568 1244 609 Justitia
1267 580 1412 609 autem
1432 567 1518 609 Dei
1547 584 1625 623 per

192 651 322 692 fidem
353 649 455 689 Jesu
489 646 645 688 Christi
674 645 719 686 in
751 662 899 686 omnes
932 657 972 686 et
1001 662 1130 702 super
1161 662 1322 695 omnes,
1356 644 1428 701 qui
1446 646 1627 686 credunt

193 727 242 768 in
281 743 390 768 eum.
448 725 552 766 Non
593 723 705 765 enim
738 733 798 763 est
839 721 1066 764 distinctio.
1128 723 1292 764 Omnes
1333 722 1445 763 enim
1474 737 1625 778 pecea-

192 816 357 855 verunt,
389 814 430 844 et
453 811 574 854 egent
606 799 738 852 gloria
771 798 868 849 Dei,
900 797 1115 857 justificati
1146 800 1290 853 gratis,
1331 817 1411 856 per
1450 799 1625 853 gratiam

192 881 335 938 ipsius,
365 896 443 936 per
464 876 788 927 redemtionem,
818 893 926 933 quae
958 889 1018 918 est
1046 877 1092 918 in
1122 877 1290 919 Christo
1313 877 1459 917 Jesu.“
1491 875 1627 930 Quod

193 956 475 1000 adstruximus
505 955 551 996 in
582 953 888 1010 superioribus,
922 953 1130 1004 dicentes,
1159 971 1251 995 non
1281 955 1334 994 de
1367 953 1459 1006 lege
1488 952 1625 995 {Mosis

194 1037 378 1078 dictum:
408 1032 535 1090 „quia
550 1031 596 1089 4>
630 1047 909 1088 quaecunque
927 1031 993 1072 lex
1017 1030 1221 1087 loquitur,
1252 1030 1328 1080 his,
1362 1030 1434 1086 qui
1460 1029 1506 1070 in
1535 1030 1627 1083 lege

194 1124 314 1162 sunt,
345 1110 586 1166 loquitur:“
615 1109 784 1166 putabit
814 1107 964 1164 aliquis
995 1125 1086 1148 non
1115 1120 1203 1149 tam
1233 1124 1343 1158 vere,
1376 1124 1504 1164 quam
1534 1109 1625 1149 vio-

192 1191 332 1231 lenter
369 1199 595 1236 assertum,
637 1204 735 1227 cum
773 1185 914 1226 videat
954 1201 1069 1225 nune
1114 1201 1277 1226 nomen
1316 1184 1418 1238 legis
1448 1201 1540 1226 non
1571 1187 1626 1226 ad

192 1277 393 1314 naturae,
437 1264 511 1305 sed
542 1263 598 1303 ad
627 1262 762 1304 B‘Iosis
791 1263 929 1315 legem
967 1260 1136 1303 referri:
1180 1273 1221 1302 et
1259 1261 1392 1312 dicet,
1435 1263 1553 1318 quod
1583 1262 1628 1303 in

192 1341 406 1399 praesenti
435 1341 533 1381 loco
565 1338 722 1397 iustitia
754 1338 839 1380 Dei
868 1338 1175 1395 pronuntietur
1204 1340 1258 1379 ab
1290 1339 1504 1395 Apostolo
1535 1355 1627 1380 ma-

192 1417 382 1461 nifestari
411 1433 490 1474 per
519 1417 656 1469 legem
675 1448 686 1466 ,
718 1428 759 1458 et
786 1433 878 1457 non
908 1417 1049 1458 solum
1080 1432 1158 1471 per
1185 1417 1346 1469 legem,
1377 1417 1451 1457 sed
1482 1428 1523 1457 et
1550 1433 1630 1472 per

192 1498 437 1554 prophetas,
467 1506 516 1536 ut
547 1493 636 1536 sine
665 1494 754 1535 ulla
783 1493 1058 1548 ambiguitate
1089 1496 1142 1536 de
1186 1494 1277 1548 lege
1306 1493 1441 1536 'Mosis
1469 1493 1627 1535 intelli-

194 1586 347 1628 gantur
377 1572 489 1614 dicta
521 1588 632 1622 esse,
664 1588 772 1627 quae
803 1571 958 1628 scripta
987 1583 1106 1613 sunt:
1149 1588 1197 1612 ex
1237 1588 1319 1628 qua
1349 1573 1440 1625 lege
1468 1570 1628 1629 justitia

195 1651 282 1693 Dei
318 1668 398 1707 per
433 1651 565 1690 fidem
608 1648 765 1690 Christi
802 1649 906 1690 Jesu
944 1649 1237 1691 manifestetur
1266 1648 1311 1689 in
1343 1665 1510 1698 omnes,
1553 1648 1625 1704 qui

196 1729 399 1777 credunt,
430 1726 516 1768 sive
547 1743 594 1767 ex
616 1725 813 1776 Judaeis,
844 1725 929 1767 sive
963 1743 1011 1767 ex
1044 1727 1254 1768 Gentibus
1286 1725 1521 1775 venientes,
1555 1725 1628 1781 qui

193 1818 337 1847 tamen
367 1821 458 1845 non
489 1820 537 1845 ex
571 1802 772 1858 operibus
801 1801 1156 1860 justificentur,⁵)
1184 1804 1257 1845 sed
1290 1819 1336 1844 ex
1368 1803 1498 1855 gratia
1525 1803 1624 1853 Dei,

197 1882 498 1937 redemtoress)
530 1880 580 1922 iis
612 1881 765 1922 effecto
796 1879 890 1935 ipso
923 1881 1026 1921 Jesu
1059 1880 1240 1922 Christo.
1299 1881 1416 1922 Haec
1447 1881 1622 1937 quidem

197 1961 311 2002 dicet
339 1959 386 2009 is,
419 1958 491 2015 qui
527 1974 697 2000 sensum
733 1956 928 2013 Apostoli
957 1957 1001 1997 in
1020 1957 1094 2006 his,
1128 1974 1236 2013 quae
1266 1975 1393 2013 supra
1426 1959 1623 2014 exposui-

196 2023 305 2089 mus,
336 2036 545 2078 violenter
574 2051 598 2076 a
628 2034 754 2076 nobis
784 2034 997 2075 accusabit
1029 2034 1241 2077 inflexum.
1298 2036 1384 2077 Sed
1414 2035 1523 2076 illud
1555 2048 1627 2086 cst,

200 2116 320 2171 quod
351 2124 593 2155 constanter
621 2129 848 2168 possumus
879 2112 1112 2153 affirmare:
1148 2112 1245 2168 quia
1277 2111 1383 2154 sicut
1412 2129 1511 2164 nos,
1554 2114 1626 2169 qui

198 2193 302 2232 haec
333 2189 607 2241 assei-unffi),
637 2203 791 2246 putant
820 2190 863 2231 in
895 2191 977 2230 hoc
1010 2207 1207 2233 sermone
1237 2191 1457 2247 Apostoli,
1499 2207 1625 2247 quem

198 2285 313 2309 nunc
343 2267 669 2323 proposuimus,
699 2267 806 2308 nihil
835 2266 1024 2308 invenire
1053 2284 1200 2323 posse,
1243 2285 1328 2323 quo
1359 2270 1625 2310 adstruamus

199 2347 303 2388 haec
342 2362 432 2386 non
472 2346 525 2385 de
566 2344 727 2395 Mosis,
757 2346 831 2387 sed
863 2346 916 2386 de
945 2357 1122 2387 naturae
1152 2346 1242 2398 lege
1274 2344 1537 2400 conscripta,
1568 2344 1623 2385 ita

321 2526 364 2582 1)
393 2526 520 2566 Rom.
551 2526 626 2574 III,
657 2525 695 2568 9.
727 2527 791 2567 10.
824 2527 888 2570 11.

316 2596 364 2651 2)
399 2596 483 2637 Csr.
515 2595 669 2636 Psalm.
701 2595 817 2644 XIV,
846 2597 885 2638 2.
916 2595 1083 2651 (XIII.)

319 2666 364 2720 3)
395 2666 522 2707 Rom.
554 2666 628 2715 III,
656 2664 852 2708 21-—24-
971 2664 1018 2720 ⁴²)
1048 2665 1173 2706 Rom.
1205 2664 1279 2715 III,
1311 2665 1376 2708 19.

321 2734 365 2789 5)
400 2734 488 2775 Csr.
521 2752 583 2790 cp.
617 2736 668 2775 ad
703 2734 784 2777 Tit.
817 2736 886 2785 llI,
917 2736 956 2776 5.
985 2736 1023 2778 6.
1056 2736 1091 2776 7.
1155 2749 1158 2752 ’

319 2805 365 2859 6)
400 2804 510 2846 Alias
542 2808 600 2860 (v.
635 2822 666 2845 c.
698 2804 740 2844 iu
773 2805 868 2846 edd.
899 2804 1007 2860 M.):
1039 2804 1109 2854 „in
1141 2805 1491 2847 redemtionem.“
1520 2806 1571 2847 R.

317 2873 362 2927 ⁷)
394 2875 509 2916 Editi
540 2876 598 2931 (v.
631 2892 665 2916 c.
697 2875 791 2917 edd.
823 2874 928 2931 Μ.);
959 2874 1247 2931 ‚‚asserimus.“
1299 2875 1429 2918 Male.
1461 2877 1511 2917 R.
