1788 3111
495 109 935 151 COMMENTAMORUM
967 106 1059 147 Lm.
1084 106 1156 148 lv.
1450 107 1535 150 253

122 225 210 267 Ubi
242 237 383 266 autem
414 223 475 265 ira
506 233 578 272 est,
608 219 841 262 haereditas
867 235 957 259 non
985 230 1066 269 est3
1097 230 1137 259 ct
1158 218 1340 260 addidit:
1371 219 1533 274 ‚,ubi¹)

121 315 262 345 autem
291 320 382 344 non
413 314 472 343 est
502 301 579 350 lex,
607 315 685 339 nec
714 295 1054 353 praevaricatio.“
1111 295 1256 351 Sed2)
1296 308 1535 352 repetamus

120 381 357 436 paululum,
389 392 429 422 et
458 378 683 426 videamus,
715 377 768 416 de
800 391 883 430 qua
911 375 1002 427 lege
1031 372 1108 414 ista
1128 372 1332 415 dicantur.
1382 375 1433 414 In
1462 392 1532 415 su-

119 457 360 513 perioribus
402 455 593 512 quidem,
637 452 712 493 uhi
751 451 873 492 dicit:
917 450 1037 506 „si³)
1076 450 1188 492 enim
1233 451 1304 506 qui
1345 467 1391 491 ex
1430 452 1534 504 lege,

120 534 224 589 hi4)
256 535 455 575 haeredes
485 543 602 579 sunt,
651 529 858 570 exinanita
890 540 950 570 est
980 529 1111 578 fides,
1160 540 1199 569 ct
1237 540 1430 568 evacuata
1474 540 1534 568 est

119 611 407 667 promissio:“
445 620 585 665 potest
629 619 669 649 et
707 609 759 648 ad
789 608 923 648 Mosis
953 607 1110 660 legem,
1143 617 1182 646 et
1212 605 1266 645 ad
1296 606 1534 646 naturalem

120 687 279 728 referri.
349 687 521 727 Certum
553 697 614 726 est
642 684 776 734 enim,
817 685 956 739 quod,
986 684 1018 724 si
1051 700 1096 724 ex
1126 684 1217 735 lege
1246 683 1381 724 Flosis
1410 699 1534 738 prae-

120 775 253 805 statur
275 764 519 811 haereditas,
547 773 771 802 evacuatur
789 761 832 814 5)
863 760 983 810 illud,
1016 761 1133 816 quod
1153 759 1361 809 scribitur,
1395 761 1533 801 Abra-

119 841 218 881 ham
248 840 406 895 fideie)
437 839 685 881 credulitate
713 837 936 878 meruisse:
970 849 1009 878 et
1040 854 1228 887 rursum,
1260 837 1293 877 si
1325 838 1378 877 ad
1408 849 1532 878 natu-

118 918 250 957 ralem
288 917 423 968 legem
463 928 733 957 convertatur
778 912 1127 966 intelligentia,⁷)
1169 915 1271 954 haec
1311 914 1393 955 dici
1431 932 1532 970 pos-

117 1005 234 1034 sunt:
266 992 299 1034 si
330 994 523 1034 sufficere
552 992 757 1049 potuisset
786 992 851 1033 lex
879 990 1081 1032 naturalis
1114 992 1167 1031 ad
1196 992 1346 1042 fidem,
1386 1009 1533 1047 super-

116 1071 252 1111 fluum
282 1071 516 1119 videretur,
558 1070 677 1125 quod
719 1069 878 1110 dictum
922 1081 980 1110 est
1020 1070 1073 1109 ad
1105 1070 1341 1110 Abraham:
1380 1069 1534 1123 „exi⁸)

118 1150 172 1189 de
200 1161 311 1189 terra
340 1160 432 1198 tua,
481 1158 521 1188 et
564 1148 616 1187 de
656 1146 907 1198 cognatione
947 1158 1040 1195 tua,
1089 1159 1129 1187 et
1160 1148 1212 1187 de
1243 1148 1374 1187 domo
1405 1145 1535 1202 patris

118 1227 200 1276 tui,
240 1238 280 1267 et
317 1224 412 1266 veni
456 1224 500 1265 in
529 1235 708 1272 terram,
749 1240 875 1278 quam
908 1224 1133 1264 ostendero
1165 1223 1283 1264 tibi.“
1339 1222 1401 1263 Ut
1432 1222 1536 1278 quid

121 1303 232 1344 enim
266 1301 394 1343 exiret
426 1302 478 1342 de
507 1312 617 1341 terra
648 1316 744 1349 sua,
787 1311 827 1341 et
857 1301 910 1340 de
941 1301 1072 1341 domo
1103 1317 1190 1350 sua,
1220 1301 1253 1341 si
1286 1301 1321 1341 ei
1351 1302 1416 1341 lex
1446 1303 1534 1341 suf-

118 1380 263 1420 ficeret
291 1377 505 1427 naturalis,
538 1394 665 1433 quam
694 1376 842 1432 utique
873 1389 912 1417 et
943 1376 987 1417 in
1021 1388 1133 1418 terra
1163 1395 1237 1418 sua
1265 1377 1427 1433 positus
1457 1379 1532 1418 ha-

117 1458 219 1497 bere
259 1468 299 1496 et
335 1454 547 1497 custodire
584 1453 823 1510 potuisset?
884 1455 971 1495 Sed
1007 1471 1121 1495 nune
1152 1455 1268 1494 velut
1294 1454 1365 1494 illa
1395 1454 1534 1494 minus

115 1533 351 1575 sufficiente
379 1531 553 1590 jubetur
582 1532 719 1584 legem
747 1530 846 1571 fidei
876 1531 1008 1586 sequi,
1038 1531 1127 1572 sine
1142 1531 1186 1582 9)
1220 1548 1300 1587 qua
1324 1549 1402 1572 nec
1432 1533 1533 1572 hae-

115 1627 181 1651 res
213 1626 299 1651 esse
327 1608 479 1649 mundi
509 1607 610 1664 ipse,
642 1609 706 1648 vel
737 1624 880 1649 semen
910 1608 1134 1664 suum,¹⁰)
1165 1625 1243 1648 nec
1272 1608 1429 1649 amicus
1449 1609 1533 1650 Dei

112 1697 280 1743 poterat
309 1684 525 1741 appellari.
585 1685 654 1727 Sic
696 1701 794 1737 ergo
834 1696 974 1740 potest
1013 1686 1064 1725 ab
1103 1697 1282 1741 utraque
1312 1685 1402 1738 lege
1432 1686 1533 1726 suh-

113 1775 307 1814 tractum,
338 1763 392 1804 ad
408 1763 542 1804 solam
568 1761 669 1802 fidei
685 1762 821 1815 legem
842 1761 1061 1819 respicere,
1093 1763 1212 1818 quod
1239 1761 1358 1803 dicit:
1388 1762 1450 1811 „si
1467 1762 1476 1785 ¹
1495 1761 1534 1817 ¹)

230 1923 274 1978 1)
303 1923 431 1964 Rom.
461 1923 534 1972 IV,
566 1924 632 1967 15.

229 1992 275 2047 2)
308 1992 444 2033 Alias:
475 1993 589 2042 „Sed
619 2003 856 2047 repetamus
886 1992 1110 2034 Paulum.“
1137 1994 1190 2034 R.

230 2062 276 2117 ³)
306 2063 434 2103 Rom.
463 2062 537 2110 IV,
569 2062 636 2103 14.

230 2131 272 2184 ⁴²)
302 2132 414 2172 Edd.
445 2131 505 2171 M.
535 2132 617 2171 hoc
647 2131 767 2179 loco,
809 2133 882 2172 cfr.
926 2148 967 2187 p.
1005 2133 1101 2174 252.
1132 2142 1220 2171 not.
1251 2130 1290 2173 6.
1322 2140 1364 2171 et
1392 2131 1430 2174 7.
1459 2129 1530 2182 „hi

114 2189 315 2230 haeredes
345 2212 399 2219 —-
429 2187 546 2236 fides,
579 2198 620 2227 et
650 2199 845 2227 evacuata
877 2194 961 2228 est“
993 2200 1070 2228 etc,

230 2258 275 2313 ⁵)
305 2256 422 2298 Editi
452 2257 509 2312 (v,
542 2273 575 2298 e.
608 2257 702 2297 edd.
734 2256 840 2310 M):
871 2268 944 2307 „ut
974 2261 1234 2298 evacuetur.“
1262 2256 1314 2296 R.

231 2327 276 2384 ὃ>
306 2328 410 2368 Msc.
442 2343 574 2367 unus:
615 2342 718 2381 „per
747 2326 847 2366 fidei
878 2327 1170 2369 credulitatem
1199 2324 1399 2368 meruisse
1412 2330 1447 2378 ;“
1477 2325 1529 2365 al.

113 2387 230 2427 deest
257 2389 397 2439 ,‚per.“
427 2384 478 2424 R.

231 2455 276 2509 7)
304 2453 421 2551 {isti
459 2454 516 2510 (e.
557 2470 590 2495 c.
631 2455 727 2497 edd.
767 2453 874 2509 Μ.);
923 2451 1222 2506 „intelligentia
1270 2452 1393 2500 haec,
1446 2449 1530 2491 dici

113 2516 291 2566 potest.“
364 2543 372 2552 .

226 2578 273 2632 ⁸)
306 2579 460 2632 Genes.
490 2578 586 2629 XII,
618 2582 654 2623 1.

227 2647 272 2701 9)
301 2647 437 2689 Editi:
471 2650 530 2703 (v.
573 2665 606 2690 c.
647 2650 711 2689 ed.
750 2649 811 2690 M.
856 2648 934 2704 I.):
966 2648 1113 2704 „quasi
1142 2654 1258 2692 nec.“
1317 2647 1445 2690 Male.
1474 2647 1526 2687 R.

113 2726 165 2735 —
194 2704 275 2745 Ed.
305 2705 366 2744 M.
395 2705 458 2745 II:
489 2721 601 2760 „qua
629 2704 744 2746 sine“
775 2705 929 2747 omisso
960 2710 1104 2755 „ue0.“

202 2771 274 2826 ¹⁰)
302 2771 414 2813 Edd.
440 2773 635 2815 Merlini:
668 2773 766 2831 ejus.

198 2839 271 2895 11)
301 2840 426 2882 Rom.
455 2842 529 2892 IV,
557 2842 623 2885 14.
