1788 3111
211 126 268 170 64
551 122 773 166 OmeENis
804 135 851 165 m
881 122 960 164 ΕΡ.
990 133 1049 163 An
1082 121 1308 164 RomANos

207 237 392 288 malitia,
437 235 710 293 nequitia‚¹)
751 247 790 278 et
830 234 1025 285 avaritia,
1067 233 1272 291 plenique
1312 245 1431 275 erant
1468 234 1641 286 invidia,

207 314 463 364 homicidiis,
495 313 785 363 contentione,
815 314 919 354 dolo
942 323 981 353 et
1001 310 1186 361 caeteris,
1217 326 1326 367 quae
1350 310 1505 366 scripta
1526 323 1638 361 sunt,

206 393 349 436 malis:
389 392 548 448 quique
580 408 677 433 cum
710 389 1004 442 cognovissent
1031 387 1231 446 justitiam
1264 387 1360 437 Dei,
1388 404 1480 428 non
1496 387 1541 443 ²)
1571 388 1637 429 in-

205 472 455 513 tellexerunt
485 470 597 510 hane
628 485 726 518 esse,
757 479 804 508 ut
834 466 906 522 qui
936 467 1034 508 talia
1067 477 1194 519 agunt
1225 465 1341 517 digni
1370 465 1453 506 sint
1483 477 1635 515 morte,

205 565 297 590 non
327 548 468 588 solum
501 545 574 601 qui
601 545 765 587 faciunt
794 544 880 594 illa,
909 546 980 585 sed
1014 555 1054 584 et
1080 544 1153 599 qui
1185 542 1456 584 consentiunt
1478 541 1637 582 facien-

205 625 327 667 tibus.
372 625 429 666 Et
457 623 554 664 ideo
587 639 668 678 pro
700 622 763 663 his
796 622 995 662 omnibus
1025 621 1146 661 malis
1176 618 1478 661 inexcusabiles
1501 630 1635 667 erunt,

206 705 310 745 dum
343 702 446 743 alios
477 701 520 742 in
554 701 638 750 his,
679 716 788 755 quae
818 698 900 755 ipsi
930 709 1079 750 agunt,
1115 698 1344 739 sceleribus
1375 708 1413 736 et
1442 694 1636 752 judicant

206 792 245 822 et
277 781 583 821 condemnant.
652 778 722 818 De
761 793 804 818 se
844 775 957 817 enim
999 775 1252 831 pronuntiat
1282 773 1397 830 quis,
1439 789 1536 814 cum
1579 773 1633 813 de

203 857 290 906 his,
333 872 442 911 quae
482 855 571 911 ipse
602 854 849 904 committit,
890 853 1021 893 alium
1059 853 1194 909 punit.
1254 851 1455 893 Arbitror
1491 861 1633 891 autem

201 936 398 977 sufficere
429 950 499 983 ea,
542 949 650 988 quae
693 933 746 973 de
783 930 1065 972 traditionum
1084 930 1129 984 3)
1173 929 1313 985 specie
1351 945 1480 985 supra
1522 929 1632 970 dicta

201 1024 312 1062 sunt,
343 1012 568 1067 quomodo
592 1010 709 1050 Deus
739 1010 906 1050 tradere
937 1008 1101 1048 dicatur
1117 1006 1162 1062 4)
1194 1023 1278 1057 eos,
1310 1023 1493 1062 quorum
1519 1016 1632 1047 actus

204 1103 244 1131 et
274 1089 464 1131 animum
497 1104 520 1129 a
549 1104 593 1129 se
624 1086 922 1135 deelinantem,
955 1096 994 1125 et
1020 1084 1312 1135 indulgentem
1336 1083 1440 1124 vitiis
1470 1083 1633 1124 abhor-

200 1167 325 1209 rescit
356 1178 394 1207 et
425 1165 589 1213 (leserit,
621 1175 660 1204 et
691 1165 839 1205 eadem
860 1174 1051 1217 repetere
1080 1162 1344 1217 superfluum
1368 1172 1486 1216 puto.
1526 1160 1630 1201 Duo

200 1256 299 1288 sunt
328 1259 451 1292 sane,
484 1257 592 1297 quae
620 1241 664 1282 in
694 1241 778 1281 hoc
810 1241 909 1281 loco
941 1239 1123 1281 indicari
1154 1255 1272 1288 reor,
1314 1254 1499 1293 quorum
1529 1238 1633 1278 alte-

199 1338 296 1362 rum
343 1317 552 1370 designari
596 1317 763 1358 videtur
808 1334 854 1357 ex
897 1318 1042 1358 altero.
1111 1316 1287 1358 Certum
1327 1331 1514 1370 namque
1561 1325 1632 1362 est,

199 1399 319 1455 quod
351 1397 385 1438 si
427 1411 553 1452 quem
574 1393 618 1451 ⁵)
659 1394 878 1435 tradiderit
907 1394 1026 1435 Deus
1065 1396 1131 1435 vel
1168 1394 1212 1435 in
1252 1392 1457 1435 desideria
1491 1390 1631 1432 cordis

195 1475 273 1526 sui,
304 1475 368 1515 vel
399 1473 442 1514 in
471 1472 687 1529 passiones
710 1471 986 1523 ignominiae,
1018 1473 1083 1512 vel
1109 1471 1154 1513 in
1178 1472 1416 1527 reprobum
1448 1485 1632 1518 sensum,

200 1552 408 1593 continuo
449 1563 654 1606 tanquam
685 1550 730 1591 in
761 1560 870 1590 terra
901 1549 1080 1606 pessima
1113 1561 1151 1591 et
1181 1551 1388 1605 reproba,
1432 1546 1629 1600 omnis‘3)

195 1629 268 1670 illa
289 1626 334 1684 ⁷)
368 1628 412 1668 in
444 1644 508 1676 eo,
542 1627 613 1682 qui
645 1628 836 1676 traditur,
865 1643 977 1678 seges
1009 1626 1234 1667 criminum
1265 1637 1416 1677 surgat.
1451 1624 1504 1664 Et
1531 1641 1627 1664 rur-

194 1722 289 1747 sum
318 1704 351 1745 si
383 1704 497 1759 quis,
540 1720 635 1744 cum
653 1703 697 1759 8)
741 1705 987 1755 cognoverit
1017 1704 1181 1754 Deum,
1225 1720 1317 1744 non
1346 1703 1453 1744 sicut
1482 1703 1627 1743 Deum

195 1780 457 1832 magnificet,
491 1791 563 1821 aut
593 1780 742 1831 gratias
776 1792 886 1831 agat,
917 1781 989 1821 sed
1018 1781 1069 1821 sit
1098 1781 1203 1830 talis,
1236 1781 1404 1835 qualem
1435 1796 1513 1835 per
1541 1779 1628 1821 sin-

195 1859 293 1909 gula
324 1857 599 1913 Apostolicus
630 1873 771 1898 sermo
817 1857 1078 1913 descripsit„
1103 1858 1283 1899 dubium
1323 1874 1414 1899 non
1447 1870 1505 1900 est
1545 1857 1626 1897 hu-

315 2025 358 2081 ¹)
387 2024 468 2066 Ed.
500 2024 659 2071 Ruaei:
690 2025 980 2082 nequitiaque.

307 2095 353 2152 2)
385 2096 551 2136 Desunt
570 2097 718 2138 verba:
750 2114 865 2147 „non
899 2097 1220 2138 intellexerunt“
1251 2096 1294 2138 in
1321 2099 1415 2139 edd.
1435 2096 1623 2138 Merlini.

311 2166 357 2221 3)
393 2166 502 2206 Edd.
534 2167 594 2207 M.
629 2179 667 2208 et
697 2166 747 2208 R.
780 2169 819 2208 h.
851 2169 902 2217 l.,
935 2169 1008 2209 csr.
1040 2185 1080 2224 p.
1111 2168 1176 2210 63.
1208 2180 1296 2209 not.
1327 2170 1365 2212 3.
1404 2167 1624 2218 „traditio-

196 2241 301 2264 num
334 2222 499 2278 specie“
532 2235 607 2264 etc.
647 2222 664 2233 χ

313 2291 357 2347 4)
388 2293 468 2333 Ed.
501 2293 655 2334 Ruaei:
688 2295 854 2337 dicitur.

311 2362 356 2418 ⁵)
386 2363 468 2403 Ed.
500 2364 546 2404 Pu.
578 2363 622 2403 in
654 2375 787 2404 textu:
828 2366 971 2420 „quod
1004 2364 1035 2405 si
1068 2381 1328 2420 quemquam
1361 2364 1619 2413 t1=a‹]i‹ie=-it‚“

191 2419 237 2461 in
275 2420 407 2460 notis:
451 2419 539 2469 „ita
572 2420 674 2462 Msc.
709 2421 807 2471 Reg.
839 2439 956 2463 num.
988 2422 1110 2464 1639.
1171 2421 1338 2462 Caeteri
1379 2438 1477 2461 vero
1520 2420 1618 2462 les.

191 2476 345 2524 nostri,
388 2486 426 2516 et
467 2475 594 2515 editio
637 2477 797 2517 Veneta
842 2478 1075 2533 Theophili
1120 2477 1363 2518 Salodiani:
1408 2477 1532 2534 quod
1579 2480 1619 2517 si

192 2531 377 2588 quidem
409 2531 675 2573 tradiderit.
735 2533 819 2573 Alii
859 2535 960 2575 editi
991 2535 1048 2589 (e.
1082 2551 1116 2575 c.
1150 2535 1244 2574 cdd.
1277 2533 1378 2588 M,):
1426 2532 1547 2588 <laod
1576 2536 1618 2574 si

192 2604 324 2645 quem
356 2587 649 2629 tradidericf‘

308 2657 354 2714 6)
386 2659 498 2700 Edd.
532 2658 728 2700 Mei-lini:
760 2671 807 2700 ut
832 2660 983 2701 omnis.

309 2729 353 2782 7)
385 2728 487 2770 Msc.
526 2730 627 2780 Reg.
665 2747 781 2773 num.
815 2731 935 2775 1611.
979 2730 1154 2780 „omnis
1194 2730 1304 2771 mala
1337 2729 1379 2770 iu
1413 2735 1499 2769 eo“
1541 2742 1616 2771 etc.

193 2783 279 2826 Sed
314 2785 463 2826 caeteri
497 2785 594 2828 Mss.
627 2798 666 2827 et
698 2787 797 2828 editi
828 2789 885 2843 (e.
920 2804 952 2828 c.
986 2789 1079 2827 edd.
1110 2786 1195 2841 M.)
1225 2798 1271 2827 ut
1301 2786 1343 2827 in
1376 2797 1498 2827 textu.
1530 2785 1579 2829 R.

308 2854 353 2911 ⁸)
383 2855 662 2899 Desideratur
691 2864 841 2909 „cum“
872 2858 913 2899 in
947 2858 1040 2899 cdd.
1072 2856 1257 2899 Mei-lini.
