1788 3111
228 104 314 147 376
577 101 802 142 OmGEms
831 113 877 142 m
906 99 984 142 ΕΡ.
1014 111 1074 142 An
1106 99 1329 143 Rommos

219 233 302 272 que
330 230 373 256 se
405 216 457 255 ab
492 211 578 270 ejus
609 212 823 255 desideriis
862 212 989 254 faciat
1019 229 1067 254 ae
1096 213 1356 270 praeceptis,
1384 214 1461 256 iste
1490 229 1587 256 vere
1607 214 1650 269 Ι)

216 309 295 348 per
332 303 517 333 mortem
555 289 714 331 Christi
750 301 926 345 peccato
968 302 1161 332 mortuus
1203 307 1290 333 esse
1328 290 1494 333 dicitur.
1561 291 1645 332 Hic

220 381 358 411 autem
391 379 616 424 peccatum
653 369 793 423 ipsum
825 368 989 423 peccati
1033 379 1249 409 auctorem
1295 368 1481 410 arbitror
1508 368 1653 410 norni-

219 446 324 488 nari.
385 446 431 487 Si
463 462 560 498 ergo
592 444 776 485 moritur
806 444 898 499 quis
927 455 1119 500 peccato,
1150 456 1312 486 certum
1344 456 1414 496 est,
1445 445 1544 502 quia
1575 461 1654 501 per

187 523 530 580 *poenitentiam
560 522 755 563 moritur.
824 520 1064 575 Quomodo
1112 536 1211 574 ergo
1255 522 1346 577 quis
1383 523 1655 577 permanebit

219 601 265 642 in
296 613 488 657 peccato,
518 612 564 641 ut
593 599 722 651 gratia
755 600 955 647 abundet,
987 615 1084 638 cum
1114 598 1244 651 gratia
1287 615 1333 640 ex
1366 616 1416 640 eo
1451 600 1653 650 abundet,

225 681 343 734 quod
374 689 552 734 peccato
596 675 688 731 quis
725 674 940 716 moritur?
989 675 1036 716 Si
1075 676 1188 716 enim
1218 693 1569 732 permaneamus,
1608 689 1655 718 ut

222 756 508 812 proponitur,
551 753 594 794 in
626 765 819 808 peccam,
852 765 1015 794 certum
1046 764 1129 804 est,
1170 754 1268 810 quia
1309 771 1400 795 non
1432 754 1656 803 morimur,

222 834 296 874 sed
327 832 502 873 vivifflus
532 843 737 887 peccato:
768 830 1003 872 viventibus
1034 841 1174 872 autem
1206 842 1383 886 peccato
1404 831 1533 883 gratia
1564 848 1655 872 non

222 920 365 966 potest
394 909 626 950 abundare.
685 907 933 963 Requiritur
972 924 1093 958 sane,
1132 909 1165 949 si
1203 908 1246 948 in
1278 907 1377 950 solis
1408 908 1657 949 hominibus

222 987 545 1043 superabundet
576 984 726 1037 gratia,
756 985 800 1025 in
832 983 984 1040 quibus
1017 985 1248 1026 abundavit
1291 985 1523 1041 aliquando
1555 1002 1657 1041 pec-

225 1075 386 1105 catum:
420 1074 458 1103 et
489 1063 603 1117 an2)
635 1062 679 1102 in
710 1063 831 1102 nullo
862 1063 1182 1117 superabundet
1211 1061 1353 1113 gratia,
1383 1062 1463 1103 nisi
1493 1062 1537 1102 in
1570 1078 1656 1117 quo

225 1141 458 1181 abundavit
485 1151 732 1195 peccatum3
770 1156 821 1179 an
863 1150 903 1179 et
939 1139 981 1179 in
1000 1137 1045 1193 3)
1088 1138 1299 1193 aliquibus
1340 1149 1480 1193 potest
1508 1155 1656 1195 super-

226 1219 446 1259 abundare
477 1216 620 1269 gratia,
648 1216 692 1257 iu
724 1217 878 1271 quibus
909 1233 1132 1271 nunquam
1164 1217 1228 1256 vel
1263 1215 1562 1265 abundaverit,
1593 1217 1659 1257 vel

226 1296 352 1336 suerit
391 1305 629 1351 peccatum.
702 1293 759 1335 Et
795 1293 829 1335 si
862 1294 953 1349 quis
983 1293 1092 1334 illud
1124 1293 1347 1348 adspiciat,
1394 1293 1512 1347 quod
1557 1291 1661 1333 dicit

228 1374 486 1429 Apostolus,
532 1371 630 1426 quia
674 1369 998 1426 „pacificavit⁴)
1048 1369 1238 1411 Christus
1283 1385 1362 1425 per
1410 1368 1658 1421 sanguinem

226 1467 351 1492 suurn
381 1466 472 1490 non
503 1448 642 1489 solum
675 1465 784 1503 quae
814 1448 856 1489 in
889 1446 1009 1489 terris
1038 1459 1147 1495 sunt,
1177 1448 1250 1488 sed
1283 1457 1322 1487 et
1348 1462 1456 1501 quae
1484 1445 1529 1487 in
1560 1461 1657 1487 coe-

227 1528 324 1579 lis;“
367 1526 466 1580 et5)
505 1525 635 1566 illud:
677 1521 809 1578 „ut⁰)
848 1524 937 1564 sine
975 1524 1072 1564 Deo
1119 1540 1200 1579 pro
1241 1523 1441 1565 omnibus
1481 1533 1662 1574 gustaret

227 1617 410 1646 mortem
427 1608 463 1644 :“
500 1601 667 1658 putabit
710 1613 748 1642 et
789 1602 849 1641 ibi
891 1601 1084 1643 similiter
1125 1601 1311 1656 aliquam
1351 1600 1661 1642 abundantiam

228 1682 354 1723 fuisse
384 1679 561 1736 peccati,
591 1690 635 1719 ut
664 1678 946 1720 nihilominus
978 1678 1102 1720 etiam
1123 1678 1167 1734 7)
1208 1679 1365 1730 gratiae
1394 1679 1661 1734 superabun-

231 1759 373 1800 dantia
406 1760 534 1799 fieret.
596 1754 640 1796 Si
672 1773 770 1798 vero
806 1757 859 1796 ad
891 1756 989 1805 hoc,
1021 1757 1138 1810 quod
1169 1756 1367 1811 superior
1395 1756 1521 1797 lectio
1541 1770 1658 1795 com·-

231 1834 506 1883 memoravit,
545 1834 757 1882 attendas,
798 1831 933 1887 ubifi)
974 1844 1197 1888 peccatum
1229 1834 1272 1874 in
1304 1834 1418 1875 hunc
1448 1833 1659 1872 mundum

231 1930 310 1968 per
338 1929 474 1953 unum
507 1910 727 1952 hominem
761 1909 917 1950 dicitur
936 1910 982 1964 9)
1012 1910 1231 1960 introisse,
1263 1922 1302 1951 et
1329 1925 1407 1966 per
1435 1918 1660 1964 peccatum

355 2124 399 2176 Γ)
430 2122 479 2162 In
512 2122 631 2165 editis
663 2123 719 2177 (v.
755 2141 786 2163 c.
816 2123 860 2162 in
895 2123 991 2164 edd.
1020 2121 1106 2177 Μ.)
1139 2122 1367 2164 omittitur:
1400 2123 1560 2171 „vere.“
1591 2117 1641 2161 R.

351 2193 399 2247 2)
431 2191 563 2233 Deest
592 2197 701 2243 ‚,an“
731 2192 775 2232 in
809 2193 905 2233 edd.
936 2191 1120 2233 Merlini.

349 2262 396 2319 ³)
428 2263 560 2304 Deest
588 2262 685 2313 ,‚in“
713 2264 758 2304 in
790 2263 884 2303 edd.
917 2261 1102 2303 Merlini.

351 2332 397 2388 ⁴)
430 2332 516 2373 Cfr.
549 2331 710 2375 Coloss.
742 2332 772 2381 I,
802 2334 869 2375 20.

347 2405 392 2460 5)
419 2404 489 2447 Sic
519 2403 619 2445 Mss.
650 2403 785 2444 nostri
816 2418 975 2444 omnes.
1007 2402 1264 2444 Salodianus
1294 2412 1529 2450 VC10:‚‚ct
1556 2399 1663 2441 illud

235 2463 346 2502 velut
375 2463 464 2503 sine
492 2460 590 2500 Deo
622 2460 712 2500 sine
732 2459 865 2501 dubio
898 2476 978 2513 pro
1013 2459 1213 2500 omnibus
1236 2469 1415 2509 gustaret
1439 2463 1649 2498 mortem}

237 2518 404 2559 Caeteii
445 2516 543 2558 editi
582 2516 640 2580 (e.
685 2533 718 2556 c.
751 2517 846 2556 edd.
877 2514 985 2570 ΒΙ.);
1030 2527 1098 2565 „et
1135 2515 1243 2555 illud
1283 2514 1377 2555 velit
1418 2515 1535 2570 quod
1573 2514 1664 2556 sine

236 2575 369 2616 dubio
403 2591 483 2630 pro
518 2572 717 2614 omnibus
751 2572 923 2623 gustaxit
954 2583 1150 2612 mortem.
1155 2577 1179 2595 “
1210 2571 1259 2612 R.

354 2643 400 2698 ⁰)
432 2642 563 2684 Hebr.
596 2643 647 2692 ll,
677 2643 713 2684 9
747 2643 842 2683 coll.
875 2643 968 2682 cdd.
999 2642 1052 2682 N.
1084 2640 1133 2683 ’.Γ

357 2714 400 2767 7)
430 2714 540 2754 Edd.
574 2713 770 2754 Merlini:
804 2724 841 2753 ct
871 2713 1027 2764 gratiae
1059 2723 1133 2753 etc.

354 2785 400 2836 ὅ)
431 2783 556 2823 Rom.
590 2785 641 2834 V,
675 2786 736 2828 1‘2.

356 2851 401 2907 ⁹)
429 2853 545 2894 Alias
577 2855 636 2908 (v.
671 2871 701 2895 c.
734 2855 776 2895 in
811 2855 904 2895 cdd.
938 2852 1041 2907 M.):
1077 2851 1239 2901 „dicit.⁴‘
1271 2850 1395 2893 Male.
1428 2850 1474 2891 R.
