1788 3111
551 96 994 138 COMMENTAmonUM
1029 96 1117 136 Lm.
1142 97 1190 137 V.
1492 97 1576 140 365

161 210 339 262 mnes¹)
378 206 757 265 peccaverunt‚“²)
800 207 1003 268 debemus
1045 208 1279 248 ostendere.
1351 208 1478 249 Aliud
1518 221 1577 250 cst

158 303 346 343 peecare,
377 286 491 327 aliud
522 295 789 341 peccatorem
830 301 929 325 esse.
985 284 1193 325 Peccator
1232 284 1386 326 dicitur
1422 287 1470 335 is,
1504 286 1575 342 qui

159 365 291 405 multa
324 362 635 418 delinquendo,
675 360 719 401 in
751 360 1123 411 consuetudinem,
1155 373 1216 411 et,
1263 374 1309 403 ut
1340 362 1394 404 ita
1426 363 1576 414 dicam,

159 442 262 497 in3)
293 441 480 482 studium
519 432 723 495 peccandi
762 438 847 495 jam
879 437 1008 489 venit;
1045 438 1151 479 sicut
1196 456 1217 478 e
1254 439 1468 480 contrario
1509 438 1575 497 ju-

158 530 244 559 stus
273 535 363 558 non
395 517 548 557 dicitur
576 515 622 565 is,
654 515 726 571 qui
756 516 886 557 semel
918 528 989 557 aut
1018 515 1081 557 bis
1115 515 1275 571 aliquid
1305 515 1484 573 justitiae
1515 520 1576 559 sc-

159 595 272 645 eerit,
303 595 375 635 sed
406 595 489 643 illc,
522 593 592 649 qui
623 609 790 648 semper
829 591 935 649 juste
975 594 1160 646 agendo,
1196 592 1240 633 in
1285 611 1363 634 usu
1403 607 1442 635 et
1473 612 1575 635 con-

159 671 382 712 suetudine
411 669 610 728 justitiam
642 671 778 711 habet.
836 672 946 711 Nam
987 670 1020 712 si
1062 669 1154 726 quis
1196 669 1239 711 in
1280 671 1449 712 caeteris
1490 674 1577 713 sere

160 748 358 789 omnibus
388 745 565 804 injustus
597 746 659 796 sit,
690 748 819 787 semel
850 760 991 789 autem
1021 748 1085 788 vel
1101 747 1146 801 ⁴)
1185 748 1250 789 bis
1290 748 1449 803 aliquid
1480 748 1576 806 justi

161 824 300 880 operis
332 823 488 876 egerit,
519 822 595 864 iste
635 823 806 878 quidem
848 823 893 863 in
925 841 974 865 eo
1009 841 1152 880 opere,
1181 825 1226 866 in
1259 842 1342 881 quo
1376 825 1575 882 justitiam

159 901 306 950 tenuit,
335 899 443 958 juste
485 899 612 953 egisse
652 899 887 956 dicetu1·‚⁵)
927 918 1017 942 non
1058 913 1198 944 tamen
1240 920 1285 944 ex
1326 904 1408 944 hoe
1445 902 1577 960 justus

157 977 452 1034 appellabitur.
525 978 588 1017 Ita
627 989 670 1017 et
701 976 834 1033 justus
885 994 1079 1034 peccasse
1123 979 1295 1035 quidem
1340 980 1578 1035 (liceum-‚Q

157 1055 191 1096 si
233 1053 394 1110 aliquid
444 1054 702 1095 commiserit
747 1054 977 1110 aliquando
1027 1057 1146 1112 quod
1189 1057 1433 1108 nonlicet,
1488 1075 1577 1099 nou

157 1143 301 1173 tamen
371 1146 418 1172 ex
478 1130 561 1172 hoc
613 1143 814 1186 peccator
874 1133 1180 1188 appellabitur,
1242 1134 1314 1190 qui
1372 1135 1578 1190 peccandi

157 1226 282 1250 usum
329 1220 369 1248 et
413 1207 767 1249 consuetudinem
818 1225 909 1249 non
951 1221 1087 1251 tenet:
1134 1210 1239 1251 sicut
1297 1222 1337 1251 et
1389 1212 1577 1252 medicus

156 1286 229 1327 ille
282 1301 372 1325 non
427 1284 602 1334 dicitur,
663 1285 734 1340 qui
788 1298 859 1327 aut
910 1286 1057 1327 leviter
1104 1298 1253 1342 ruptae
1299 1288 1444 1343 capitis
1493 1289 1578 1330 cuti

157 1362 235 1404 scit
263 1361 487 1417 imponere
517 1378 733 1411 araneam,
780 1374 852 1403 aut
890 1363 963 1419 qui
999 1375 1214 1404 tumorem
1254 1365 1436 1406 vulneris
1469 1382 1577 1421 aqua

159 1439 292 1480 calida
323 1438 487 1489 foverit,
519 1439 706 1494 quamvis
738 1439 863 1480 etiam
894 1441 976 1481 hoc
1004 1439 1300 1497 medicinaffi)
1335 1458 1419 1483 esse
1436 1443 1576 1484 videa-

158 1528 251 1567 tur3
279 1516 353 1556 sed
383 1514 455 1555 ille
486 1514 640 1556 dicitur
668 1515 869 1567 medicus,
903 1516 975 1572 qui
998 1534 1136 1566 usum,
1167 1534 1214 1557 ac
1230 1516 1275 1572 ⁸)
1306 1519 1505 1569 studium,
1539 1532 1579 1560 et

158 1592 424 1648 disciplinam
466 1593 595 1633 habet
638 1593 851 1634 medendi.
916 1595 979 1635 Ex
1030 1595 1183 1650 quibus
1234 1594 1432 1636 omnibus
1471 1608 1577 1651 puto

155 1669 414 1711 sufficienter
444 1669 630 1721 ostendi,
664 1672 782 1726 quod
813 1670 928 1710 aliud
961 1670 1070 1725 sit9)
1100 1688 1298 1727 peccare,
1329 1672 1445 1713 aliud
1477 1691 1577 1729 pec-

158 1758 346 1787 catorem
392 1762 490 1787 esse.
561 1747 723 1789 Omnes
764 1747 874 1787 enim
914 1760 1054 1803 potest
1095 1747 1186 1788 fieri
1222 1760 1269 1788 ut
1300 1736 1578 1803 peccaverhst,

157 1823 282 1864 etiam
323 1823 357 1865 si
386 1822 517 1864 sancti
546 1824 724 1873 fuerint,
757 1824 855 1880 quia
893 1841 1048 1874 „nemo
1069 1825 1139 1878 ¹⁰)
1169 1826 1356 1866 mundus
1386 1843 1407 1866 a
1439 1830 1577 1877 sorde,

157 1918 235 1942 nec
266 1900 299 1942 si
328 1900 454 1941 unius
493 1899 576 1941 diei
615 1900 743 1942 suerit
782 1900 865 1942 vita
906 1899 1032 1957 ejus.“
1100 1901 1207 1956 Quis
1239 1902 1351 1942 enim
1385 1915 1463 1953 est,
1505 1904 1577 1959 qui

157 1993 246 2019 non
278 1989 350 2018 aut
380 1977 424 2018 in
453 1978 580 2025 facto,
610 1989 683 2017 aut
711 1977 752 2017 in
785 1979 929 2029 verbo,
964 1991 1036 2019 aut
1068 1979 1140 2033 qui
1173 1978 1433 2021 cautissimus
1465 1993 1575 2021 certe

159 2065 232 2104 est,
263 2054 327 2094 vel
358 2052 402 2093 in
434 2052 687 2105 cogitatione
717 2055 981 2109 peccaverit?
1042 2056 1098 2095 Et
1128 2055 1239 2104 ideo,
1270 2067 1317 2095 ut
1348 2056 1444 2107 dixi,
1476 2074 1574 2112 pec-

276 2213 320 2268 1)
349 2213 475 2254 Rom.
508 2214 558 2263 v,
591 2215 656 2256 12.

271 2283 318 2338 ²)
349 2283 460 2324 Edd.
491 2284 686 2326 Merlini:
729 2287 1040 2340 peccaverunt?
1081 2288 1300 2329 Debemus
1343 2289 1575 2338 ostendere,

157 2339 273 2382 aliud
307 2356 392 2380 esse
421 2356 608 2395 peccare,
639 2341 756 2382 aliud
787 2354 862 2383 etc.

270 2409 318 2465 3)
350 2409 481 2451 Deest
512 2410 606 2460 ‚,in“
635 2410 679 2451 in
713 2412 807 2452 edd.
839 2411 1024 2453 Merlini.

271 2478 318 2533 4)
348 2479 460 2520 Edd.
489 2479 686 2522 NIerlini:
720 2493 791 2521 aut
820 2481 884 2523 bis
916 2494 990 2523 etc.

274 2547 319 2603 ⁵)
348 2549 460 2589 Edd.
492 2549 684 2591 NIerlini:
718 2551 882 2591 dicitur.

273 2617 318 2671 ⁶)
351 2619 464 2661 Alias
495 2622 552 2676 (v.
585 2639 616 2663 c.
647 2622 689 2662 in
724 2623 820 2662 edd.
850 2622 958 2676 M.):
991 2622 1210 2672 ‚‚dicitur.“
1241 2625 1289 2666 R.

276 2686 320 2740 ⁷)
351 2688 461 2731 Edd.
492 2691 685 2733 Merlini:
718 2690 937 2732 medicina.

275 2757 321 2809 ⁸)
351 2757 461 2799 Edd.
493 2760 690 2802 Merlini:
724 2773 762 2801 et
794 2761 980 2803 studium
1012 2779 1056 2801 ac
1090 2762 1352 2818 disciplinam
1387 2776 1459 2804 erc.

276 2826 321 2880 9)
352 2827 430 2870 Ed.
461 2830 522 2871 M.
554 2830 614 2870 II:
646 2842 717 2873 est,
844 2831 911 2886 ¹⁰)
941 2833 1040 2873 Job.
1074 2833 1189 2883 XIV,
1221 2835 1257 2875 4.
1287 2834 1324 2874 5.
