1788 3111
568 107 1013 152 COMMENTARIORUM
1043 108 1132 152 Lm.
1162 108 1214 151 ΙΙ.
1526 112 1606 157 117

179 222 281 265 dicit
298 223 544 279 Apostolus,
574 223 638 263 vel
657 222 700 277 ¹)
731 238 839 278 quae
868 223 934 264 lex
966 222 1114 279 prosit,
1142 222 1176 264 si
1208 223 1481 274 custodiatur,
1512 223 1607 266 dili-

176 300 340 352 gentius
370 299 672 356 requirendum
703 298 880 349 videtur,
911 310 968 348 ut,
998 316 1095 340 cum
1127 300 1231 340 haec
1262 300 1604 348 intellexerimus,

174 376 385 432 possimus
418 388 457 418 et
487 393 567 418 nos
597 375 858 417 circumcidi.
919 375 1094 432 Quippe
1134 376 1167 417 si
1205 379 1382 432 prodest
1422 379 1605 420 circum—

176 453 302 502 cisio,
331 454 562 494 secundum
594 454 771 493 verbum
802 454 1000 508 Apostoli
1036 453 1230 502 dicentis,
1261 453 1361 508 quia
1391 455 1602 503 „circum-

177 529 340 572 cisio2)
372 531 567 584 prodest,
605 529 638 570 si
676 530 813 580 legem
853 529 1121 578 custodias,“
1159 529 1249 585 ipse
1288 532 1520 586 Apostolus
1557 532 1602 573 in

175 605 529 660 consequentibus
553 608 691 655 docet,
725 607 824 660 quia
855 605 1031 662 „non3)
1062 607 1148 655 illa,
1179 622 1288 661 quae
1314 607 1358 647 in
1377 608 1598 650 manifesto

174 671 263 731 cst,
284 682 328 722 in
360 697 486 722 carne
516 681 824 731 circumcisio,“
861 684 933 724 scd
964 683 1259 732 „circumcisio
1294 684 1492 732 cordis,“
1521 700 1599 740 per

171 757 388 813 spiritum,
417 774 509 799 non
544 775 623 813 per
652 758 816 800 literam
849 761 972 808 sacta,
1002 760 1173 800 laudem
1206 759 1334 801 habet
1364 777 1455 801 non
1487 777 1534 801 ex
1551 760 1597 816 4)

169 833 430 884 hominibus,
457 836 531 875 sed
563 851 608 875 ex
640 835 758 876 Deo:
793 847 831 876 et
863 836 965 878 alibi
998 837 1124 877 dicit:
1156 835 1379 891 ‚,videte⁵)
1412 837 1596 877 circum-

169 909 394 961 cisionem3
422 927 502 951 nos
535 911 645 952 enim
675 929 820 953 sumus
844 913 1124 962 circumcisio,
1156 915 1229 967 qui
1248 912 1293 968 6)
1323 912 1471 967 spiritu
1497 913 1594 954 Deo

167 986 380 1037 servimus,
413 998 451 1027 et
481 1004 570 1029 non
600 988 644 1028 in
677 1005 803 1030 carne
836 989 1128 1030 confidimus.“
1186 989 1318 1038 Haec,
1347 1001 1394 1030 ut
1424 989 1595 1044 opinor,

168 1075 228 1105 est
258 1063 546 1113 circumcisio,
585 1080 711 1119 quam
743 1066 947 1120 prodesse
978 1065 1080 1107 dicit
1107 1067 1360 1121 Apostolus,
1397 1066 1430 1107 si
1458 1067 1594 1117 legem

171 1140 404 1185 custodias:
435 1159 524 1183 non
556 1141 690 1191 legem
720 1141 880 1192 literae,
911 1141 1030 1197 cujus
1058 1143 1205 1198 utique
1226 1142 1591 1184 circumcisionem

166 1218 211 1258 in
244 1235 370 1259 carne
398 1235 489 1260 non
519 1217 684 1273 recipis,
716 1220 790 1260 sed
820 1220 954 1270 legem
983 1220 1166 1275 spiritus,
1194 1221 1430 1260 secundum
1461 1236 1589 1274 quam

168 1294 480 1336 circumcideris
525 1297 667 1336 corde.
743 1295 916 1344 „Litera
939 1295 984 1350 ⁷)
1030 1296 1143 1336 enim
1191 1295 1369 1346 occidit,
1422 1295 1591 1352 spiritus

169 1382 309 1411 autem
341 1370 574 1419 vivificat,“
615 1371 711 1425 quia
745 1383 783 1411 et
819 1373 885 1411 lex
916 1372 998 1413 Dei
1029 1378 1186 1422 „non“
1226 1374 1406 1413 refertur
1444 1384 1589 1421 „atra-

167 1459 312 1488 mento
351 1447 562 1502 scripta“,
600 1449 673 1488 sed
705 1448 834 1499 digito
867 1449 972 1498 Dei,
1011 1449 1083 1504 qui
1115 1460 1174 1490 est
1200 1448 1369 1504 spiritus
1402 1448 1510 1505 ejus,
1550 1461 1589 1489 et

166 1540 283 1573 „non
313 1523 357 1564 in
387 1524 540 1565 tabulis
577 1524 776 1579 lapideis,
817 1527 890 1566 sed
926 1525 971 1565 in
1007 1526 1159 1566 tabulis
1191 1525 1369 1567 cordis.“
1426 1526 1587 1565 Verum

166 1611 305 1654 potest
350 1600 476 1641 nobis
521 1599 672 1657 objici,
724 1602 822 1656 quia
863 1602 896 1643 si
937 1604 1170 1657 Apostolus
1217 1601 1585 1642 circumcisionem

161 1678 364 1732 prodesse
390 1676 503 1726 dicit,
534 1694 642 1731 quae
662 1678 808 1732 utique
839 1678 918 1719 alia
947 1695 1037 1719 non
1060 1678 1306 1729 intelligitur
1328 1694 1426 1727 esse,
1455 1693 1586 1733 quam

163 1752 331 1794 animae
370 1755 588 1809 purgatio,
629 1765 668 1794 et
708 1753 892 1811 abjectio
937 1754 1158 1795 vitiorum:
1198 1757 1422 1810 quomodo
1466 1755 1584 1795 addit

163 1830 315 1881 adhuc,
343 1830 400 1871 ita
431 1832 604 1872 demum
636 1833 838 1886 prodesse
865 1830 1112 1888 hujusmodi
1143 1831 1522 1880 circumcisionem,
1550 1829 1584 1871 si

159 1909 295 1958 legem
326 1907 560 1956 custodias,
598 1924 693 1948 cum
736 1908 840 1948 haec
880 1908 970 1963 ipsa
1010 1906 1274 1949 circumcisio
1304 1925 1396 1948 non
1424 1907 1503 1948 nisi
1535 1922 1581 1948 ex

161 1983 261 2034 legis
292 1984 557 2025 observantia
586 1985 677 2025 fieri
709 1985 908 2026 videatur.
968 1984 1054 2025 Sed
1084 1984 1260 2034 intuere,
1289 2000 1344 2024 ne
1367 1986 1478 2025 forte
1506 1984 1581 2024 ab-

161 2059 354 2102 scindere
383 2060 503 2110 vitia,
535 2072 573 2100 et
610 2077 770 2103 cessare
799 2078 822 2102 a
853 2061 992 2111 malis,
1029 2061 1394 2102 circumcisionem
1423 2060 1580 2111 signifi-2

163 2147 247 2178 cet:
279 2151 400 2188 agere
429 2148 568 2177 autem
593 2154 702 2193 quae
731 2139 847 2178 bona
876 2148 987 2187 sunt,
1018 2150 1057 2178 et
1079 2140 1246 2180 efficere
1266 2153 1373 2192 quae
1392 2139 1580 2193 perfecta

269 2268 324 2331 ¹)
355 2268 415 2309 Ita
460 2268 559 2310 editi
598 2269 656 2325 (e.
689 2287 722 2310 c.
757 2242 851 2311 edd.
882 2271 989 2325 Μ.);
1025 2271 1227 2312 Rabanus
1266 2287 1388 2311 xeio:
1428 2270 1577 2320 ,‚Vere‚

159 2324 318 2380 inquit,
357 2327 534 2380 piodest
570 2326 654 2375 lex,
695 2327 727 2368 si
765 2329 1034 2368 custodiatur
1039 2332 1062 2351 “
1126 2327 1230 2368 WIsc.
1271 2326 1381 2367 Cod.
1422 2327 1578 2370 Ebroi—

159 2381 313 2422 censis:
343 2381 435 2430 „vel
465 2381 567 2435 quid
596 2385 784 2437 prodest,
817 2385 881 2423 vel
913 2399 1020 2438 quae
1049 2385 1113 2424 lex
1141 2382 1285 2437 plosit‚
1312 2384 1348 2425 si
1367 2384 1578 2425 custodia-

161 2441 268 2477 tur.“
325 2437 424 2478 Mss.
465 2436 603 2488 Regii,
645 2439 770 2479 alius:
810 2441 907 2488 „vel
945 2456 989 2479 m
1020 2454 1107 2493 quo
1138 2441 1334 2494 prodest,
1373 2441 1437 2481 vel
1469 2456 1578 2494 quae

161 2494 238 2541 lex,
266 2493 300 2534 si
332 2492 639 2545 custodiatur“;
669 2494 792 2537 alius:
823 2496 914 2545 „vel
945 2495 1047 2551 quid
1065 2497 1253 2551 prodest,
1282 2497 1346 2536 vel
1368 2512 1477 2551 quae
1501 2497 1576 2545 lex,

160 2547 192 2588 si
223 2549 522 2590 custodiaturf‘
557 2549 606 2591 R.

276 2617 323 2673 2)
351 2618 480 2659 Rom.
509 2618 562 2667 Π,
590 2620 658 2661 25.
775 2619 820 2673 3)
848 2619 974 2661 Rom.
1004 2621 1058 2671 II,
1086 2622 1153 2664 28.
1181 2621 1249 2664 29.

278 2686 325 2742 4)
352 2687 462 2729 Edd.
484 2687 678 2730 Merlini:
709 2691 761 2730 ab
794 2691 1052 2731 hominibus.
1083 2715 1135 2722 —-
1166 2690 1251 2732 Cfr.
1274 2690 1399 2732 Rom.
1428 2690 1481 2740 H,
1508 2690 1574 2733 29.

283 2754 328 2810 ⁵)
356 2757 541 2814 Philipp.
572 2759 646 2808 III,
674 2762 713 2802 2.
742 2761 782 2803 3.
900 2760 945 2816 6)
975 2760 1086 2802 Edd.
1116 2759 1309 2802 Merlini:
1342 2760 1385 2801 in
1415 2759 1573 2817 spiritu.

282 2824 325 2879 ⁷)
353 2825 394 2866 II
424 2826 522 2869 Cor.
551 2828 624 2878 Ill,
654 2829 804 2874 6.—3.
