1788 3111
206 140 264 183 60
545 139 766 183 ORIGENIS
795 153 842 182 IN
871 140 948 183 Ep,
977 152 1038 183 AD
1072 142 1295 186 ROMANos

207 265 382 295 atorem.
441 253 531 296 Nos
561 265 725 305 autem,
763 254 837 310 qui
863 257 1028 297 nullam
1061 268 1318 307 creaturam,
1347 250 1429 298 'sed
1459 255 1631 300 Patrem

206 344 246 373 et
263 331 423 372 Filium
456 342 495 371 et
515 330 721 387 Spiritum
746 343 940 374 sanctum
969 333 1149 374 colimus
1181 345 1221 374 et
1251 335 1493 384 adoramus,
1521 333 1630 383 sicut

204 426 297 451 non
329 426 516 450 erramus
545 408 590 449 in
622 409 750 459 cultu,
785 409 842 450 ita
873 426 952 450 nec
982 410 1027 451 in
1058 411 1218 452 actibus
1249 411 1422 466 quidem
1455 421 1494 451 et
1521 410 1566 451 in
1585 410 1627 466 ¹)

206 486 527 528 conversatione
556 503 806 543 peccemus,
837 502 978 541 neque
1003 486 1219 529 imitemur
1250 504 1341 537 eos,
1372 487 1445 543 qui
1474 499 1628 529 contu—

202 565 339 606 meliis
370 565 563 605 afficiunt
593 580 777 619 corpora
801 579 875 604 sua
905 564 950 604 in
980 577 1112 606 semet
1138 565 1257 620 ipsis3
1284 567 1358 606 sed
1390 564 1629 620 adspicien-

202 654 262 684 tes
300 643 419 698 quod
460 640 563 682 dicit
591 640 843 695 Apostolus:
886 657 969 689 „an
987 640 1033 696 2)
1071 642 1260 692 nescitis,
1299 643 1396 698 quia
1440 658 1628 698 corpora

201 730 334 761 vestra
356 717 608 772 membra3)
642 716 796 758 Christi
811 716 970 758 sunt?“
997 730 1036 759 et
1055 718 1229 760 iterum:
1250 719 1375 775 „quia
1390 718 1435 777 4)
1468 736 1626 775 corpus

200 808 383 838 vestrum
414 796 625 851 templum
658 807 716 836 est
738 794 918 850 Spiritus
947 795 1138 836 sancti:“
1166 809 1214 837 ut
1242 799 1436 838 membra
1458 796 1628 846 Christi,

203 885 243 915 et
271 874 481 929 templum
514 872 695 927 Spiritus
725 873 880 922 sancti,
921 889 1106 929 corpora
1135 886 1279 916 nostra
1309 874 1351 915 in
1382 875 1501 916 omni
1529 891 1626 916 san-

203 951 343 992 ctitate
373 963 414 991 et
443 951 625 1006 puritate
654 966 887 1001 servemus,
930 967 1015 1006 quo
1047 969 1139 992 non
1169 953 1309 994 solum
1339 951 1518 1008 digna5)
1550 968 1626 992 an-

200 1029 394 1080 gelorum
433 1028 686 1080 ingressibus
723 1029 845 1076 fiant,
894 1044 1040 1068 verum
1065 1028 1110 1084 6>
1152 1030 1279 1071 etiam
1316 1029 1627 1071 inhabitatione

201 1106 384 1162 Spiritus
413 1106 570 1154 sancti,
613 1117 651 1146 et
685 1106 906 1147 mansione
934 1105 1069 1146 Patris
1092 1123 1144 1162 ¹ac
1175 1105 1298 1156 Filii,
1336 1107 1410 1162 qui
1441 1107 1544 1148 dicit
1573 1108 1626 1148 de

1094 1163 1101 1175 .

199 1200 274 1233 eo,
306 1183 379 1239 qui
407 1183 450 1223 in
482 1182 691 1224 mandatis
720 1184 802 1224 suis
827 1194 1074 1238 permanet:
1105 1199 1208 1234 „ego
1229 1181 1273 1239 ⁷)
1306 1195 1344 1224 et
1363 1183 1490 1225 Pater
1512 1183 1625 1239 adS)

199 1277 297 1303 eum
325 1262 561 1310 veniemus,
593 1272 632 1301 et
661 1260 930 1301 mansionem
964 1262 1079 1316 apud
1114 1277 1211 1302 eum
1241 1261 1485 1304 faciemus.“

311 1339 376 1380 19.
428 1337 696 1393 „Propterea
718 1338 762 1393 9)
812 1339 985 1380 tradidit
1023 1339 1120 1379 illos
1159 1339 1279 1380 Deus
1318 1338 1363 1379 in
1406 1339 1623 1394 passiones

195 1415 470 1469 ignominiae.
511 1416 623 1455 Nam
656 1426 695 1455 et
714 1417 721 1438 ¹
738 1415 783 1471 ⁰)
815 1415 998 1456 feminae
1028 1432 1176 1458 eorum
1197 1417 1530 1457 immutaverunt
1547 1433 1623 1457 na—

194 1495 376 1535 turalem
407 1510 530 1534 usum
561 1492 606 1533 in
638 1509 735 1533 eum
764 1510 906 1543 usum,
950 1493 1022 1549 qui
1041 1494 1048 1516 ¹
1069 1493 1109 1548 ι>
1146 1505 1204 1534 est
1235 1505 1384 1534 contra
1414 1505 1622 1534 naturam.

197 1571 401 1613 Similiter
433 1582 571 1611 autem
606 1581 645 1610 et
674 1572 873 1620 masculi,
918 1570 1066 1612 relicto
1104 1572 1290 1613 naturali
1317 1588 1397 1612 usu
1426 1571 1623 1621 feminae,

197 1646 529 1702 exarserunt¹²)
570 1647 615 1688 in
657 1647 872 1688 desideriis
909 1648 991 1689 suis
1031 1648 1074 1688 in
1113 1648 1318 1698 invicem,
1360 1648 1538 1689 masculi
1576 1649 1621 1689 in

194 1727 405 1767 masculos
452 1724 759 1779 turpitudinem
805 1737 1049 1780 operantes,
1100 1737 1139 1766 et
1182 1715 1449 1774 mercedem,
1492 1742 1622 1782 quarn

198 1805 407 1860 oportuit,
450 1801 604 1843 erroris
643 1803 706 1844 sui
743 1802 786 1843 in
815 1814 947 1843 semet
974 1802 1073 1859 ipsis
1103 1801 1364 1859 recipientes.
1422 1802 1477 1844 Et
1512 1802 1621 1845 sicut

311 1951 354 2006 ¹)
384 1952 517 1991 Deest
549 1949 645 1999 ‚‚in“
676 1950 719 1991 in
753 1951 818 1991 ed.
850 1950 995 1992 Ruaei.
1113 1950 1160 2006 ²)
1191 1951 1207 1990 I
1243 1949 1342 1992 Cor.
1375 1951 1445 2002 VI,
1477 1951 1540 1996 15.

309 2022 354 2076 ³)
383 2023 496 2064 Edd.
527 2020 722 2062 Merlini:
753 2023 947 2064 membra
977 2034 1075 2064 sunt
1107 2021 1273 2064 Christi.

309 2094 355 2146 ⁴)
387 2094 405 2133 I
438 2091 539 2133 Cor.
570 2092 641 2141 VI,
674 2093 740 2135 19.

236 2189 248 2202 «
309 2165 353 2220 ⁵)
385 2166 496 2206 Edd.
528 2162 722 2203 Merlini:
757 2163 1005 2213 angelorum
1039 2164 1164 2216 digna
1197 2175 1271 2205 etc.

310 2236 354 2288 ὃ)
383 2235 463 2276 Ed.
495 2234 653 2276 Ruaei:
685 2250 830 2275 verum
865 2246 904 2275 et
934 2235 1205 2278 habitatione.

311 2308 354 2359 ⁷)
385 2307 459 2346 Ev.
493 2306 651 2346 Joann.
681 2305 798 2355 XIV,
826 2306 892 2348 23.

309 2376 354 2429 3)
385 2376 552 2416 Desunt
582 2376 729 2415 verba:
760 2377 841 2425 „ad
871 2381 1008 2426 eum“,
1037 2376 1081 2417 in
1114 2379 1177 2418 ed.
1209 2376 1268 2419 M.
1291 2377 1335 2426 Ῐ.,
1365 2377 1549 2433 itemque
1571 2379 1616 2420 in

193 2435 257 2476 cd.
289 2433 437 2473 Ruaci.
1515 2467 1519 2473 .

310 2503 355 2559 9)
388 2503 512 2543 Proin.
544 2501 574 2549 Ι,
606 2501 790 2550 ,QG—ll,
825 2505 860 2545 1.
890 2527 946 2534 —-
976 2501 1093 2543 Editi
1126 2513 1164 2542 et
1193 2501 1297 2544 RIsc.
1328 2520 1437 2544 unus
1477 2502 1545 2543 hic
1578 2515 1617 2544 et

191 2561 235 2601 in
268 2559 541 2614 sequentibus
575 2558 697 2614 liujus
734 2570 950 2599 contextus
982 2558 1159 2610 Vulgata
1191 2570 1386 2609 utuntur,
1417 2559 1491 2601 sed
1523 2576 1616 2601 cae-

190 2617 267 2658 teri
300 2617 400 2657 B'Iss.
432 2628 476 2655 ut
504 2615 547 2656 in
579 2626 703 2657 textu.
736 2614 786 2654 R.

283 2687 353 2741 ¹⁰)
387 2687 514 2726 Deest
545 2691 636 2735 ,‚et“
671 2685 714 2727 in
748 2687 840 2726 cdd.
873 2684 1056 2725 Merlini.

285 2755 354 2810 ¹¹)
385 2758 464 2797 Ed.
497 2756 632 2797 Ruaei
664 2768 927 2797 constanter:
959 2755 1032 2811 qui
1063 2767 1173 2797 extra
1207 2768 1401 2797 naturam
1435 2769 1504 2798 cst.

285 2828 353 2880 ¹²)
386 2827 462 2867 Ed.
497 2827 650 2868 linaei:
683 2826 874 2875 „accensi
903 2839 1000 2868 sunt
1032 2827 1075 2868 in
1106 2826 1361 2868 desiderium
1387 2829 1450 2871 sui
1481 2828 1525 2869 in
1552 2828 1615 2870 in-

191 2884 362 2925 vicem.“
394 2908 442 2915 —-
480 2883 525 2924 ln
559 2886 653 2926 edd.
683 2884 744 2925 M.
778 2884 891 2925 deest
920 2884 1016 2933 „in“
1048 2895 1143 2925 ante
1173 2883 1418 2935 ‚,invi‹:em.“
