1788 3111
234 120 291 168 48
570 122 792 166 OfflGEms
820 135 867 165 m
897 122 975 165 Ep,
1003 135 1064 165 An
1095 122 1320 166 Rommos

235 254 322 287 cus,
350 237 435 280 sive
462 236 669 279 barbarus
699 236 848 281 veniat.
907 237 1121 280 Omnibus
1153 237 1267 279 enim
1299 253 1433 293 aeque
1460 238 1656 282 Salvator

237 315 359 357 dicit:
393 314 630 370 „,venite¹)
667 316 723 356 ad
762 330 831 356 me
875 331 1046 365 omnes,
1089 315 1161 370 qui
1190 314 1393 356 laboratis
1423 327 1463 356 et
1492 317 1656 358 onerati

234 392 365 435 estis.“
422 392 550 447 De2)
583 393 670 433 fide
700 403 840 433 autem
871 391 917 433 in
951 394 1079 434 fidem
1116 390 1203 448 jam
1237 391 1430 447 superius
1463 393 1656 443 diximus,

235 471 332 527 quia
366 482 405 512 et
432 469 555 526 prior
582 472 771 525 populus
800 469 845 510 in
875 470 977 528 fide(
993 480 1100 519 erat,
1139 470 1312 524 quando
1330 468 1376 525 3)
1418 469 1655 512 crediderat

232 548 331 589 Deo
364 558 404 588 et
439 546 555 588 Mosi
592 547 755 587 famulo
797 545 904 603 ejus,
945 562 994 587 ex
1033 563 1116 602 qua
1155 547 1240 587 fide
1279 563 1395 587 nunc
1435 548 1490 588 ad
1524 549 1654 589 fidem

231 624 451 676 Evangelii
481 623 653 666 transiit.
714 623 847 678 Quod
885 635 1025 664 autem
1068 623 1170 665 dicit
1206 639 1252 665 ex
1291 623 1534 666 testimonio
1567 625 1656 666 Ha-

230 703 369 743 bacuc
405 702 667 757 prophetae,
708 700 804 757 quia
847 698 1007 755 „justus
1024 699 1069 755 4)
1112 717 1159 741 ex
1195 701 1281 741 fide
1309 716 1403 743 mea
1421 702 1465 757 ⁵)
1505 702 1656 745 vivit:“

231 780 317 822 sive
346 779 391 828 is,
423 780 495 835 qui
524 778 569 820 in
600 780 691 830 lege
723 790 793 827 est,
821 777 1139 832 intelligitur‚6)
1172 789 1219 818 ut
1249 776 1433 819 etiamq)
1464 779 1655 832 Evange-

231 856 296 897 liis
329 858 494 905 credat,
533 855 618 897 sive
647 857 703 905 is,
743 855 815 911 qui
853 856 897 897 in
927 854 1166 906 Evangeliis
1209 866 1287 905 est,
1328 853 1388 896 ut⁴
1416 856 1538 898 etiam
1573 858 1655 910 legi

233 935 377 974 credat
409 945 447 974 et
475 932 708 989 prophetis.
766 934 960 974 Alterum
992 933 1106 973 enim
1144 932 1235 973 sine
1270 934 1403 975 altero
1440 934 1654 987 integrita-

228 1023 313 1052 tem
344 1027 436 1051 non
466 1011 595 1052 habet
623 1011 741 1051 vitae.

342 1090 405 1132 16.
436 1087 750 1141 ‚,Revelatur8)
785 1087 898 1128 enim
922 1087 985 1128 ira
1007 1087 1092 1128 Dei
1114 1089 1168 1129 de
1189 1089 1310 1128 coelo
1341 1087 1386 1128 in
1405 1086 1450 1143 9)
1481 1103 1655 1129 omnem

228 1165 489 1221 impietatem
523 1175 562 1205 et
591 1164 856 1220 iniquitatem
890 1165 1131 1215 hominum,
1163 1165 1235 1220 qui
1268 1165 1482 1206 veritatem
1503 1157 1559 1205 *in
1588 1164 1656 1206 in·-

228 1242 403 1298 iquitate
446 1242 655 1283 detinent:
701 1253 929 1297 propterea
967 1242 1065 1298 quia
1106 1245 1222 1298 quod
1268 1255 1419 1283 notum
1463 1254 1522 1283 est
1557 1242 1656 1291 Dei,

228 1319 499 1361 manifestum
533 1331 591 1361 est
619 1319 665 1360 in
694 1319 798 1369 illis;
825 1319 943 1360 Deus
967 1320 1079 1360 enim
1110 1319 1190 1362 illis
1220 1320 1537 1361 manifestavit.“
1584 1320 1655 1361 De

230 1398 293 1439 ira
327 1398 410 1438 Dei
447 1396 614 1452 plenius
650 1396 828 1438 a‘nobis
865 1396 909 1437 in
944 1396 1034 1439 aliis
1063 1395 1168 1438 locis
1200 1396 1360 1438 dictum
1393 1409 1471 1438 est:
1509 1397 1655 1453 paucis

228 1486 373 1516 tamen
415 1475 538 1515 etiam
579 1473 626 1514 in
664 1473 877 1529 praesenti
914 1474 1088 1517 dicetur.
1147 1474 1279 1527 Igitur
1316 1475 1378 1515 ira
1416 1474 1502 1515 Dei
1538 1491 1655 1516 nunc

228 1552 405 1593 revelari
436 1551 592 1593 dicitur
629 1568 723 1593 non
752 1550 888 1607 in¹⁰)
926 1563 1047 1608 parte
1078 1552 1241 1608 aliqua,
1280 1554 1355 1595 sed
1393 1551 1439 1593 in
1478 1568 1653 1594 omnem

345 1726 388 1781 ¹)
417 1726 569 1768 Matth.
599 1727 675 1778 XI,
704 1728 772 1771 28.

342 1797 389 1852 2)
421 1797 492 1838 Sic
523 1797 623 1841 Mss.
655 1796 802 1839 nostri.
853 1797 969 1839 Editi
998 1813 1098 1839 vero
1130 1797 1189 1853 (e.
1221 1814 1254 1838 c.
1288 1799 1381 1839 edd.
1413 1795 1518 1850 M.):
1548 1797 1653 1847 „Ju-

224 1854 331 1896 stitia
372 1854 485 1895 enim
515 1854 643 1896 Dei
631 1872 676 1895 m
716 1871 766 1895 eo
810 1855 1018 1895 revelatur
1058 1871 1105 1895 ex
1143 1856 1229 1895 fide
1266 1854 1310 1895 in
1351 1856 1503 1904 fidem,
1545 1854 1654 1895 sicut

212 1910 428 1966 ,scriptum
462 1922 542 1952 est:
585 1910 716 1968 justus
759 1923 899 1952 autem
944 1927 991 1952 ex
1029 1912 1116 1952 fide
1153 1911 1262 1954 vivit.
1329 1912 1427 1953 Jam
1457 1910 1651 1967 superius

225 1968 417 2016 diximus,
449 1967 573 2022 (Ῑιιὶειιι
604 1979 680 2008 etc.
715 1966 764 2007 R.

339 2037 386 2092 3)
417 2037 526 2079 Edd.
557 2037 618 2079 M.
650 2049 689 2078 et
717 2037 768 2078 B.
798 2037 843 2078 in
879 2048 1015 2078 textu:
1057 2038 1224 2094 „quia“,
1259 2039 1322 2079 ed.
1352 2050 1497 2079 tamen
1525 2038 1576 2079 R.
1607 2037 1651 2079 in

223 2093 358 2136 notis:
390 2094 521 2144 „Mse
553 2094 655 2145 Reg.
684 2112 802 2135 num.
834 2094 956 2138 1639.
988 2094 1134 2136 habet:
1172 2094 1403 2151 quancl0.“

340 2163 386 2219 4)
419 2164 580 2206 Habac.
614 2165 664 2215 II,
693 2166 733 2207 4.
766 2166 863 2207 coll.
895 2165 1021 2208 Rom.
1050 2164 1084 2215 I,
1115 2165 1180 2208 17.

340 2234 384 2289 ⁵)
415 2235 525 2277 Edd.
555 2234 752 2276 Merlini:
787 2235 834 2276 in
864 2252 923 2278 ea.

339 2304 385 2360 6)
415 2305 547 2346 Deest
562 2305 607 2345 in
627 2305 745 2346 editis
762 2306 819 2361 (e.
845 2306 935 2348 c.in
950 2307 1046 2347 edd.
1066 2304 1166 2359 M),
1199 2318 1238 2347 et
1257 2305 1300 2347 in
1322 2306 1516 2362 pluribus
1536 2305 1648 2356 Mss,

221 2362 294 2403 sed
326 2361 557 2402 restituitur
587 2377 634 2401 ex
663 2361 768 2403 Msc.
802 2362 902 2414 Reg.
937 2379 1054 2403 num.
1072 2363 1207 2406 ›1639.
1267 2364 1388 2404 Alter
1418 2362 1522 2404 Msc.
1545 2361 1646 2414 Reg.

221 2434 338 2458 num.
373 2418 493 2462 1641.
528 2417 657 2459 habet
688 2416 858 2459 dicitur
889 2435 994 2473 pro:
1027 2417 1321 2476 intelligitur.
1354 2419 1403 2460 R.

338 2486 384 2542 ⁷)
414 2487 494 2530 Ed.
525 2486 586 2530 M.
616 2487 677 2528 II:
707 2488 751 2529 in
785 2488 1018 2540 evangeliis.

337 2557 384 2612 8)
415 2557 541 2598 Rom.
575 2558 607 2608 I,
638 2559 703 2603 18
736 2559 799 2600 19.

338 2627 386 2683 9)
418 2628 489 2670 Sic
507 2627 605 2670 Mss.
653 2629 770 2670 Editi
789 2645 889 2670 veno
922 2630 979 2684 (e.
999 2645 1031 2669 c.
1055 2629 1149 2669 edd.
1173 2626 1258 2681 M.)
1290 2643 1444 2683 „super
1474 2644 1646 2670 omnem

218 2683 477 2739 lmpietatem
511 2696 551 2726 et
579 2683 827 2750 injustitiam
858 2686 1084 2727 hominum
1119 2701 1290 2734 conum,
1327 2686 1399 2739 qui
1431 2685 1650 2727 veritatem

219 2740 346 2842 gei
334 2759 376 2782 ln
409 2741 632 2797 iniquitate
664 2742 872 2784 detinent:
905 2743 1005 2798 quia
1036 2742 1183 2798 quod“
1215 2752 1289 2782 etc.
1324 2741 1371 2781 R.
1403 2767 1457 2775 —
1491 2740 1577 2784 Csr.
1606 2758 1648 2797 p.

319 2809 408 2840 not.
441 2799 477 2839 7.

312 2867 382 2922 ¹⁰)
413 2866 524 2910 Edd.
557 2869 751 2913 Merlini:
784 2869 829 2911 in
859 2885 966 2926 pace
997 2868 1149 2924 aliqua.
