1788 3111
216 95 305 141 248
555 92 778 136 Omcnms
808 104 856 137 m
885 91 964 136 ΕΡ.
989 104 1050 138 An
1084 94 1310 140 RomAuos

223 208 455 251 Abraham.
513 205 571 248 Et
610 207 751 248 adhuc
790 205 976 263 apertius
1018 207 1071 249 de
1101 206 1219 261 signo
1249 219 1291 250 et
1319 208 1534 263 signaculo
1566 210 1651 253 dis-

221 301 423 327 seramus.
484 282 594 325 Cum
625 283 790 337 signum
820 283 893 334 sit,
936 283 1046 338 ut¹)
1087 283 1288 335 diximus,
1336 286 1414 328 ubi
1441 287 1654 329 indicatur

222 360 385 417 aliquid
416 377 494 416 per
522 361 618 411 hoc,
651 361 770 417 quod
792 360 980 414 videtur3
1011 360 1272 413 signaculum
1297 379 1413 414 vero,
1441 363 1518 404 ubi
1547 381 1651 406 con-

222 439 411 480 cluditur
438 455 519 494 pro
550 450 745 494 tempore
776 437 950 493 aliquid,
983 449 1024 478 et
1053 454 1143 478 non
1172 450 1309 494 patet:
1354 451 1496 496 potest
1527 441 1652 482 etiam

220 515 279 557 ita
308 515 496 568 intelligi,
529 516 647 571 quod
677 514 896 573 mysteria,
932 515 1100 571 quae2)
1131 514 1175 555 in
1217 515 1308 569 lege
1340 527 1380 556 et
1406 516 1654 572 patriarchis

221 594 601 642 adumbrabantur,
632 590 880 648 hujusmodi
912 603 1043 641 erant,
1076 608 1183 648 quae
1207 603 1247 633 et
1271 592 1397 646 signis
1422 592 1654 634 indicanda

222 681 371 720 essent,
403 682 443 710 et
472 668 693 723 signaculis
725 668 1037 725 obseranda.3)
1080 668 1215 723 Quod
1257 686 1355 722 ergo
1388 669 1512 722 signis
1541 668 1654 710 indi-

223 749 358 789 canda
389 758 508 788 erant
539 747 585 787 in
603 744 648 801 ⁶²)
679 745 755 795 his,
789 745 860 801 qui
893 747 1125 787 credebant
1154 763 1202 788 ex
1234 746 1458 797 Gentibus,
1489 746 1655 800 signum

222 824 382 880 cepisse
423 822 578 865 dicitur
617 824 856 864 Abraham:
898 825 1017 879 quod
1053 840 1154 864 vero
1198 823 1285 874 his,
1327 823 1398 878 qui
1432 839 1480 864 ex
1496 822 1540 880 ⁵)
1573 823 1655 864 cir-

224 901 487 943 cumcisione
516 918 608 942 non
635 913 755 942 erant
774 901 989 952 credituri,
1022 902 1260 942 obseranda
1275 899 1320 956 6)
1353 912 1473 942 erant
1502 913 1543 942 et
1575 903 1655 942 ob-

221 981 414 1032 tegenda,
445 979 707 1033 signaculum
751 978 906 1020 dicitur
946 978 1167 1034 accepisse.
1228 976 1362 1032 Quod
1393 978 1657 1032 signaculum

221 1055 299 1097 illo
339 1055 488 1113 utique
526 1056 571 1097 in
610 1068 805 1111 tempore
843 1054 1150 1108 resignabitur,
1195 1071 1291 1095 cum
1332 1054 1377 1095 in
1419 1055 1656 1098 novissimis

224 1132 387 1183 diebus,
418 1144 647 1189 postquam
665 1132 905 1189 plenitudo,
925 1144 974 1173 ut
1003 1131 1196 1181 diximus,
1211 1131 1257 1186 7)
1290 1131 1495 1173 Gentium
1515 1132 1654 1174 intro-

222 1208 332 1259 ierit,
367 1210 504 1250 omnis
534 1210 664 1251 Israel
694 1210 830 1251 salvus
860 1209 945 1249 fiet.
988 1208 1153 1249 Idcirco
1174 1207 1359 1263 denique
1390 1220 1486 1250 ante
1516 1210 1656 1251 Abra-

221 1286 323 1326 ham
352 1284 667 1343 justificaturss)
696 1285 742 1326 in
772 1286 870 1335 fide,
902 1286 1006 1326 dum
1027 1286 1165 1325 adhuc
1192 1295 1297 1325 esset
1326 1283 1658 1336 incircumcisus,

223 1374 264 1404 et
292 1374 440 1418 postea
473 1362 816 1412 circumciditur,
856 1373 905 1402 ut
936 1363 1232 1403 ostenderetur
1259 1361 1401 1417 primo
1433 1374 1556 1419 pater
1584 1365 1655 1404 fu-

221 1451 343 1481 turus
373 1439 606 1485 multarum
638 1439 840 1493 gentium,
872 1451 911 1480 et
932 1451 1080 1495 postea
1108 1456 1271 1489 eorum,
1304 1438 1376 1495 qui
1395 1455 1442 1480 ex
1474 1439 1655 1481 circum-

223 1516 381 1558 cisione
413 1515 616 1558 credituri
646 1529 756 1561 sunt.
801 1519 954 1573 Neque
979 1516 1094 1557 enim
1119 1515 1175 1566 hi,
1209 1515 1282 1572 qui
1297 1517 1532 1558 secundum
1563 1534 1655 1558 car-

222 1611 322 1635 nem
349 1606 583 1636 nascuntur
615 1609 662 1634 ex
693 1594 934 1643 Abraham,
974 1593 1051 1634 filii
1083 1594 1302 1634 Abraham
1333 1593 1504 1635 dicendi
1545 1605 1655 1644 sunt,

221 1671 302 1712 nisi
332 1671 464 1712 fidem
495 1682 535 1712 et
566 1687 697 1726 opera
728 1671 912 1712 habeant
946 1669 1192 1711 Abrahami.
1251 1671 1358 1711 Inde
1399 1671 1585 1726 denique
1616 1681 1657 1710 et

221 1747 439 1789 Dominus
482 1747 527 1788 in
559 1747 774 1800 evangelio
808 1747 909 1788 dicit
940 1748 993 1787 ad
1024 1748 1234 1797 Judaeos,
1268 1747 1340 1803 qui
1371 1764 1413 1789 se
1443 1746 1657 1804 jactabant

222 1825 334 1866 filios
366 1841 454 1866 esse
485 1823 740 1865 Abrahami:
773 1823 893 1880 „si⁹)
938 1823 1015 1865 filii
1046 1824 1279 1865 Abrahami
1310 1824 1472 1877 essetis,
1522 1842 1653 1882 opera

342 1984 386 2039 ¹)
415 1985 527 2026 Edd.
560 1985 766 2027 Merlini:
800 1985 920 2028 sicut.

339 2056 386 2113 ²)
415 2057 529 2098 Edd.
569 2055 767 2098 Merlini:
813 2072 921 2112 quae
962 2055 1007 2096 in
1036 2056 1285 2112 patriarchis
1317 2068 1358 2098 et
1386 2056 1479 2111 lege
1509 2057 1655 2099 obser-

222 2125 389 2155 vantur.

339 2183 386 2240 ³)
416 2184 527 2226 Edd.
557 2183 620 2224 M.
653 2193 693 2223 et
722 2182 773 2222 R.
803 2181 846 2222 in
877 2193 1015 2224 textu:
1049 2184 1381 2234 „observanda‚“
1412 2184 1477 2225 ed.
1512 2195 1654 2224 tamen

220 2240 275 2281 R.
304 2257 346 2295 p.
376 2240 472 2283 401.
500 2240 544 2281 in
580 2238 797 2280 Addendis
829 2250 869 2280 et
900 2238 1190 2294 Corrigendis:
1221 2258 1328 2297 „pro
1361 2239 1656 2283 observanda

222 2296 450 2349 legendum
479 2297 645 2338 videtur
679 2294 983 2337 obseranda.“

341 2367 383 2421 ⁴)
417 2368 549 2408 Deest
580 2365 624 2405 in
658 2364 777 2406 editis
811 2367 867 2421 (v.
899 2383 931 2406 c.
962 2366 1005 2406 in
1039 2368 1133 2408 edd.
1165 2367 1273 2421 Μ.);
1307 2366 1416 2417 „in.“
1443 2366 1495 2407 R.

342 2435 387 2491 5)
418 2436 499 2477 Ed.
530 2434 666 2476 Ruaei
697 2436 806 2476 sola:
838 2434 909 2484 „in
941 2435 1300 2479 circumcisione.“

341 2505 384 2561 6)
416 2506 527 2547 Edd.
560 2506 621 2546 Μ.
655 2516 695 2546 et
724 2505 776 2546 R.
808 2504 852 2545 in
883 2517 1017 2546 textu:
1051 2508 1383 2556 „‹›bserxranda,“
1416 2506 1479 2547 cd.
1511 2517 1652 2546 tamen

224 2562 276 2602 R.
306 2578 347 2617 p.
378 2564 473 2607 401.
505 2562 550 2602 in
584 2561 804 2602 Addendis
832 2572 872 2601 et
891 2561 1188 2615 Corrigendis:
1220 2580 1326 2617 „pro
1360 2561 1655 2604 observanda

225 2617 453 2671 legendum
484 2619 650 2660 videtur
682 2615 991 2659 obseranda.“
1022 2644 1071 2649 --
1108 2618 1195 2661 Csr.
1223 2635 1264 2674 p.
1296 2618 1383 2678 huj.
1414 2630 1503 2662 not.
1531 2622 1570 2664 3.

345 2689 389 2745 ⁷)
419 2691 546 2731 Rom.
577 2689 654 2739 XI,
683 2687 752 2730 25.
781 2687 849 2730 26.

344 2758 391 2814 8)
423 2759 539 2800 Alias
573 2760 629 2814 (v.
661 2775 694 2800 c.
725 2758 769 2799 in
803 2758 897 2800 edd.
930 2757 1037 2813 M.):
1070 2756 1383 2816 ‚‚justificatus.“
1412 2760 1463 2801 R.

345 2827 391 2885 ⁹)
421 2829 496 2870 Ev.
526 2829 682 2872 Joann.
714 2829 831 2881 VIII,
863 2830 936 2874 39.
