1788 3111
517 113 961 156 COMMENTAmoRUM
991 112 1082 154 Lm.
1115 114 1165 153 V.
1481 116 1567 160 369

145 242 267 267 causa
297 226 419 267 datae
447 225 560 279 legis,
591 237 638 266 ut
666 235 901 281 peccatum,
932 226 1050 281 quod
1074 237 1171 266 ante
1198 225 1332 279 legem
1353 242 1442 267 non
1470 227 1564 268 sue-

145 315 228 355 rat,
272 304 520 345 abundaret.
580 304 666 345 Sed
702 301 870 351 nescio,
916 302 1035 357 quod
1082 313 1249 358 tempus
1288 302 1565 359 inveniant¹)

144 396 322 421 vacuum
352 379 533 435 peccatis
574 391 670 420 ante
710 379 860 432 legem.
920 378 1108 433 Quando
1146 378 1425 420 interficiebat
1458 379 1564 420 Cain

145 457 268 506 Abel,
299 469 340 498 et
369 469 525 498 terram
556 458 743 497 fraterno
775 455 976 510 sanguine
1006 457 1239 512 polluebat,
1271 456 1327 496 ita
1346 457 1391 512 ²)
1422 469 1469 497 ut
1501 457 1563 498 di—

145 545 257 575 ceret
287 534 340 574 ad
373 551 469 575 eum
501 534 641 574 Deus:
682 533 883 587 „nunc3)
927 532 1053 585 igitur
1090 546 1135 573 tu
1180 532 1429 574 maledictus
1462 545 1564 583 esto,

144 627 166 650 e
195 622 328 660 terra,
369 626 476 666 quae
506 609 670 665 aperuit
701 626 746 650 os
778 625 925 659 suum,
963 621 1010 649 ut
1049 608 1278 664 susciperet
1317 610 1564 662 sanguinem

142 687 280 728 fratris
309 687 420 728 tui:“
455 703 546 728 non
577 687 822 728 abundabat
859 685 1110 742 peccatum?
1169 687 1432 727 Abundabat
1468 688 1562 742 pla-

143 762 270 819 ne.4)
330 763 446 817 Quid
477 762 590 804 enim
622 780 717 804 cum
750 776 793 804 et.
819 763 1012 804 homines
1044 764 1334 812 abundarent,
1365 764 1431 804 vel
1462 775 1563 805 tunc

142 857 239 881 cum
271 840 436 881 dicebat
464 841 666 881 Lamech:
712 839 936 893 ‚‚virum⁵)
982 839 1116 880 occidi
1154 839 1196 880 in
1237 840 1410 881 vulnere
1450 857 1562 889 meo,

141 928 182 958 et
200 916 396 974 juvenem
425 916 471 957 in
491 916 624 958 livore
651 933 748 956 meo
763 916 809 957 ?“
839 916 922 967 „Et
953 916 1005 956 de
1038 915 1143 956 Cain
1171 916 1344 971 quidem
1373 915 1562 959 vindica-

144 1005 235 1034 tum
250 992 296 1050 6)
325 1005 385 1035 est
408 993 572 1050 septies,
592 994 646 1034 de
669 994 854 1034 Lamech
871 1008 971 1033 vero
990 992 1222 1048 septuagies
1244 993 1436 1048 septies.“
1469 995 1560 1034 No-

136 1071 231 1113 achi
269 1087 368 1112 vero
412 1070 677 1126 temporibus
715 1070 760 1111 in
796 1081 962 1110 tantum
999 1068 1231 1110 abundavit
1260 1068 1485 1120 delictum,
1515 1082 1563 1110 ut

136 1146 391 1203 ,‚videns,⁷)
429 1147 588 1202 inquit,
628 1146 935 1202 Dominus‚⁸)
982 1145 1080 1201 quia
1122 1145 1427 1201 multiplicatae
1464 1158 1562 1187 sunt

135 1223 320 1265 malitiae
367 1223 594 1264 hominum
637 1240 764 1279 super
807 1235 983 1272 terram,
1030 1234 1070 1263 et
1123 1222 1260 1263 omnis
1307 1224 1439 1264 homo
1487 1240 1562 1264 cor

136 1318 260 1342 suum
292 1299 516 1353 diligenter
548 1300 745 1356 apposuit
774 1299 819 1340 in
850 1298 1009 1340 malitia
1042 1299 1240 1340 omnibus
1274 1299 1423 1340 diebus
1453 1299 1560 1340 vitae

136 1395 248 1429 suae,
278 1377 568 1431 recogitaverit
583 1377 628 1433 9)
658 1377 895 1426 Dominus,
928 1376 1025 1432 quia
1053 1377 1211 1417 fecerat
1240 1376 1458 1418 hominem
1489 1395 1558 1418 su-

134 1472 213 1511 per
241 1467 416 1505 terram,
466 1467 505 1496 et
533 1454 794 1511 poenituerit
822 1454 866 1494 in
899 1454 1029 1494 corde
1059 1470 1160 1502 suo,
1209 1464 1248 1493 et
1279 1453 1448 1494 dixerit:
1482 1455 1557 1494 de-

135 1532 234 1573 lebo
258 1533 328 1586 ¹⁰)
358 1531 590 1582 hominem,
625 1547 751 1586 quem
782 1530 875 1580 feci,
907 1547 929 1571 a
959 1530 1066 1570 facie
1094 1541 1254 1580 terrae,
1301 1531 1353 1570 ab
1385 1530 1559 1572 homine

136 1625 271 1664 usque
301 1610 351 1649 ad
384 1625 526 1664 pecus,
558 1620 598 1649 et
629 1624 651 1648 a
682 1607 903 1663 reptilibus
934 1623 1068 1662 usque
1099 1609 1152 1648 ad
1184 1622 1277 1647 aves
1295 1607 1416 1657 coeli,
1449 1625 1556 1663 quo-

134 1685 249 1727 niam
280 1685 471 1741 poenitet
500 1702 589 1734 me,
628 1685 746 1740 quod
776 1683 949 1724 fecerim
982 1689 1092 1724 eos.“
1148 1684 1206 1724 Et
1242 1683 1420 1734 iterum,
1461 1702 1558 1740 cum

136 1763 311 1805 dicitur:
343 1774 572 1818 „corrupta
592 1762 599 1785 ¹
618 1762 658 1815 ¹)
701 1772 760 1799 est
799 1772 908 1800 terra
947 1759 991 1800 in
1032 1771 1261 1815 conspectu
1291 1761 1485 1813 Domini,
1517 1773 1558 1803 et

136 1889 466 1899 --v-——--—-———--

255 1953 297 2007 ¹)
327 1952 439 2012 Edd.
470 1950 668 2005 B‘Ierlini:
700 1948 948 1989 inveniatur.

249 2021 296 2075 2)
326 2021 438 2061 Edd.
468 2019 661 2060 Merlini:
694 2019 776 2068 „ita
806 2030 854 2058 ut
886 2017 1043 2058 diceret
1073 2019 1127 2057 ad
1159 2033 1255 2058 eum
1292 2017 1432 2058 Deus:
1463 2033 1553 2058 ma-

136 2076 289 2118 ledicta
309 2088 432 2126 terra,
466 2081 600 2130 quae“
633 2086 720 2125 ctc;
750 2076 814 2115 ed.
834 2074 970 2114 Ruaei
987 2074 1032 2113 in
1047 2085 1182 2113 textu:
1214 2073 1296 2122 „ita
1315 2085 1363 2113 ut
1393 2074 1553 2114 dicere-

135 2146 206 2174 tur
235 2134 288 2173 ad
320 2149 442 2172 eum:
474 2130 696 2171 maledicta
727 2142 837 2171 terra
868 2129 913 2169 in
945 2146 1073 2184 opere
1101 2140 1192 2178 tuo,
1224 2135 1357 2183 quaest
1389 2141 1479 2179 etc,
1511 2129 1554 2170 in

135 2189 267 2231 notis:
297 2190 477 2239 „desunt
506 2188 652 2228 verba:
693 2188 738 2227 in
773 2201 911 2242 opere
944 2197 1048 2239 tuo,
1087 2184 1131 2225 in
1172 2184 1291 2226 editis
1323 2185 1420 2240 (cfr.
1461 2187 1555 2226 edd.

134 2246 234 2301 M),
265 2256 306 2286 et
334 2244 378 2285 in
407 2243 621 2300 plerisque
650 2244 778 2284 Mss.“

249 2315 296 2370 3)
331 2314 482 2355 Genes.
510 2314 582 2363 IV,
614 2313 680 2354 11.

250 2382 296 2439 ⁴)
329 2382 397 2425 Sic
447 2382 598 2423 rectius
637 2383 740 2423 Msc.
782 2398 903 2421 unus.
973 2379 1056 2419 Alii
1098 2396 1196 2420 vero
1253 2379 1416 2436 (itemq.
1460 2382 1553 2423 edd.

134 2441 241 2497 M.):
271 2441 437 2496 „plane,
470 2451 509 2479 et
542 2439 714 2494 quidem
745 2444 867 2478 cum“
899 2448 973 2477 etc.
1002 2437 1054 2477 R.

251 2510 295 2565 ⁵)
330 2510 482 2551 Genes.
501 2509 575 2558 IV,
602 2510 668 2552 23.
688 2520 728 2549 et
744 2508 811 2550 24.
830 2533 881 2539 —
897 2506 1009 2547 Edd.
1029 2504 1226 2547 Dlerlini:
1249 2504 1383 2545 occidi
1407 2505 1556 2546 virum.

251 2580 296 2635 6)
328 2581 438 2622 Edd.
467 2578 663 2621 Merlini:
710 2576 955 2634 judicatum.
1048 2576 1092 2631 ⁷)
1126 2575 1278 2615 Genes.
1308 2575 1381 2625 VI,
1413 2575 1496 2615 5-
1517 2575 1553 2616 7.

251 2649 296 2702 3)
326 2649 438 2690 Edd.
467 2648 664 2690 Merlini:
695 2648 824 2690 Deus.

252 2717 296 2771 ⁹)
326 2718 437 2759 Edd.
468 2719 530 2760 M.
563 2731 603 2759 et
630 2719 678 2759 R.
711 2716 979 2768 „recogitavit
1012 2739 1077 2763 —‚
1108 2725 1147 2754 et
1175 2712 1386 2768 poenituit
1419 2739 1482 2763 -,
1516 2726 1554 2753 et

137 2773 278 2814 dixit.“

227 2843 296 2898 ¹⁰)
326 2844 436 2885 Edd.
467 2843 659 2885 Merlini:
692 2844 866 2886 deleam.
987 2841 1061 2898 ¹¹)
1093 2840 1242 2883 Genes.
1281 2839 1363 2889 VI,
1394 2840 1457 2884 11.
1489 2839 1552 2882 12.

139 2921 359 2962 Omonms
391 2920 563 2964 OPERA.
605 2919 726 2962 ΤοΜ.
758 2920 825 2959 VI.
1191 2919 1247 2958 24
