<?xml version="1.0" encoding="UTF-8"?>
<!DOCTYPE html PUBLIC "-//W3C//DTD XHTML 1.0 Transitional//EN"
    "http://www.w3.org/TR/xhtml1/DTD/xhtml1-transitional.dtd">
<html xmlns="http://www.w3.org/1999/xhtml" xml:lang="en" lang="en">
 <head>
  <title>
</title>
<meta http-equiv="Content-Type" content="text/html;charset=utf-8" />
  <meta name='ocr-system' content='tesseract 3.04.00' />
  <meta name='ocr-capabilities' content='ocr_page ocr_carea ocr_par ocr_line ocrx_word'/>
</head>
<body>
  <div class='ocr_page' id='page_1' title='image "./operaomniaquaegr06orig/operaomniaquaegr06orig_0157.png"; bbox 0 0 1788 3111; ppageno 0'>
   <div class='ocr_carea' id='block_1_1' title="bbox 504 137 1536 188">
    <p class='ocr_par' dir='ltr' id='par_1_1' title="bbox 504 137 1536 188">
     <span class='ocr_line' id='line_1_1' title="bbox 504 137 1536 188; baseline 0.001 -7"><span class='ocrx_word' id='word_1_1' title='bbox 504 137 946 181; x_wconf 74' lang='lat' dir='ltr'><strong>COMMENTARIORUM</strong></span> <span class='ocrx_word' id='word_1_2' title='bbox 976 139 1064 180; x_wconf 79' lang='lat' dir='ltr'>Lm.</span> <span class='ocrx_word' id='word_1_3' title='bbox 1095 139 1146 180; x_wconf 84' lang='grc' dir='ltr'>ΙΙ.</span> <span class='ocrx_word' id='word_1_4' title='bbox 1453 144 1536 188; x_wconf 76' lang='grc'>145</span> 
     </span>
    </p>
   </div>
   <div class='ocr_carea' id='block_1_2' title="bbox 110 251 1536 1991">
    <p class='ocr_par' dir='ltr' id='par_1_2' title="bbox 110 251 1536 1991">
     <span class='ocr_line' id='line_1_2' title="bbox 118 251 1534 310; baseline 0.004 -17"><span class='ocrx_word' id='word_1_5' title='bbox 118 251 454 303; x_wconf 86' lang='lat' dir='ltr'>cognominaris,</span> <span class='ocrx_word' id='word_1_6' title='bbox 483 263 523 293; x_wconf 85' lang='lat' dir='ltr'>et</span> <span class='ocrx_word' id='word_1_7' title='bbox 552 251 775 307; x_wconf 81' lang='lat' dir='ltr'><strong>requiescis</strong></span> <span class='ocrx_word' id='word_1_8' title='bbox 802 251 846 293; x_wconf 86' lang='lat' dir='ltr'>in</span> <span class='ocrx_word' id='word_1_9' title='bbox 876 252 1005 303; x_wconf 88' lang='lat' dir='ltr'>lege‚“</span> <span class='ocrx_word' id='word_1_10' title='bbox 1035 263 1076 293; x_wconf 87' lang='lat' dir='ltr'>et</span> <span class='ocrx_word' id='word_1_11' title='bbox 1105 252 1287 308; x_wconf 85' lang='lat' dir='ltr'>reliqua,</span> <span class='ocrx_word' id='word_1_12' title='bbox 1317 270 1450 310; x_wconf 88' lang='lat' dir='ltr'>usque</span> <span class='ocrx_word' id='word_1_13' title='bbox 1479 257 1534 298; x_wconf 87' lang='lat' dir='ltr'>ad</span> 
     </span>
     <span class='ocr_line' id='line_1_3' title="bbox 119 328 1534 385; baseline 0.003 -16"><span class='ocrx_word' id='word_1_14' title='bbox 119 344 216 369; x_wconf 88' lang='lat' dir='ltr'>eum</span> <span class='ocrx_word' id='word_1_15' title='bbox 255 329 425 379; x_wconf 87' lang='lat' dir='ltr'>locum,</span> <span class='ocrx_word' id='word_1_16' title='bbox 469 328 545 369; x_wconf 88' lang='lat' dir='ltr'>ubi</span> <span class='ocrx_word' id='word_1_17' title='bbox 584 329 705 370; x_wconf 85' lang='lat' dir='ltr'>dicit:</span> <span class='ocrx_word' id='word_1_18' title='bbox 756 344 951 379; x_wconf 86' lang='lat' dir='ltr'>„nomen</span> <span class='ocrx_word' id='word_1_19' title='bbox 974 328 1017 383; x_wconf 81' lang='grc' dir='ltr'>Ι)</span> <span class='ocrx_word' id='word_1_20' title='bbox 1060 328 1174 369; x_wconf 90' lang='lat' dir='ltr'>enim</span> <span class='ocrx_word' id='word_1_21' title='bbox 1213 328 1297 370; x_wconf 84' lang='lat' dir='ltr'>Dei</span> <span class='ocrx_word' id='word_1_22' title='bbox 1342 347 1420 385; x_wconf 88' lang='lat' dir='ltr'>per</span> <span class='ocrx_word' id='word_1_23' title='bbox 1458 348 1534 373; x_wconf 90' lang='lat' dir='ltr'>vos</span> 
     </span>
     <span class='ocr_line' id='line_1_4' title="bbox 115 403 1535 460; baseline 0.004 -15"><span class='ocrx_word' id='word_1_24' title='bbox 115 404 439 460; x_wconf 82' lang='lat' dir='ltr'>blasphematur</span> <span class='ocrx_word' id='word_1_25' title='bbox 467 404 576 446; x_wconf 88' lang='lat' dir='ltr'>inter</span> <span class='ocrx_word' id='word_1_26' title='bbox 608 403 802 445; x_wconf 85' lang='lat' dir='ltr'>Gentes.“</span> <span class='ocrx_word' id='word_1_27' title='bbox 857 405 913 446; x_wconf 91' lang='lat' dir='ltr'>Et</span> <span class='ocrx_word' id='word_1_28' title='bbox 942 422 996 446; x_wconf 91' lang='lat' dir='ltr'>ne</span> <span class='ocrx_word' id='word_1_29' title='bbox 1023 405 1234 446; x_wconf 88' lang='lat' dir='ltr'>videretur</span> <span class='ocrx_word' id='word_1_30' title='bbox 1261 405 1418 449; x_wconf 87' lang='lat' dir='ltr'>nimius</span> <span class='ocrx_word' id='word_1_31' title='bbox 1449 424 1535 450; x_wconf 85' lang='lat' dir='ltr'>esse</span> 
     </span>
     <span class='ocr_line' id='line_1_5' title="bbox 115 480 1535 540; baseline 0.004 -18"><span class='ocrx_word' id='word_1_32' title='bbox 115 480 160 522; x_wconf 87' lang='lat' dir='ltr'>in</span> <span class='ocrx_word' id='word_1_33' title='bbox 189 481 551 538; x_wconf 81' lang='lat' dir='ltr'>increpationibus</span> <span class='ocrx_word' id='word_1_34' title='bbox 580 481 868 531; x_wconf 86' lang='lat' dir='ltr'>Judaeorum‚</span> <span class='ocrx_word' id='word_1_35' title='bbox 900 482 1021 523; x_wconf 85' lang='lat' dir='ltr'>dicit:</span> <span class='ocrx_word' id='word_1_36' title='bbox 1052 481 1344 531; x_wconf 80' lang='lat' dir='ltr'>„circumcisio</span> <span class='ocrx_word' id='word_1_37' title='bbox 1362 483 1408 539; x_wconf 89' lang='grc'>2)</span> <span class='ocrx_word' id='word_1_38' title='bbox 1440 485 1535 540; x_wconf 86' lang='lat' dir='ltr'>qui-</span> 
     </span>
     <span class='ocr_line' id='line_1_6' title="bbox 117 557 1535 614; baseline 0.003 -16"><span class='ocrx_word' id='word_1_39' title='bbox 117 558 274 614; x_wconf 74' lang='lat' dir='ltr'>dem3)</span> <span class='ocrx_word' id='word_1_40' title='bbox 302 560 489 614; x_wconf 86' lang='lat' dir='ltr'>prodest,</span> <span class='ocrx_word' id='word_1_41' title='bbox 516 557 550 598; x_wconf 89' lang='lat' dir='ltr'>si</span> <span class='ocrx_word' id='word_1_42' title='bbox 577 558 713 609; x_wconf 83' lang='lat' dir='ltr'>legem</span> <span class='ocrx_word' id='word_1_43' title='bbox 747 558 995 600; x_wconf 88' lang='lat' dir='ltr'>custodias.“</span> <span class='ocrx_word' id='word_1_44' title='bbox 1053 558 1140 600; x_wconf 87' lang='lat' dir='ltr'>Sed</span> <span class='ocrx_word' id='word_1_45' title='bbox 1170 559 1336 609; x_wconf 83' lang='lat' dir='ltr'>iterum,</span> <span class='ocrx_word' id='word_1_46' title='bbox 1365 575 1423 601; x_wconf 89' lang='lat' dir='ltr'>ne</span> <span class='ocrx_word' id='word_1_47' title='bbox 1453 561 1535 603; x_wconf 89' lang='lat' dir='ltr'>eri-</span> 
     </span>
     <span class='ocr_line' id='line_1_7' title="bbox 116 633 1534 691; baseline 0.001 -16"><span class='ocrx_word' id='word_1_48' title='bbox 116 646 230 687; x_wconf 82' lang='lat' dir='ltr'><strong>geret</strong></span> <span class='ocrx_word' id='word_1_49' title='bbox 262 651 345 684; x_wconf 90' lang='lat' dir='ltr'>eos‚</span> <span class='ocrx_word' id='word_1_50' title='bbox 374 634 446 690; x_wconf 87' lang='lat' dir='ltr'>qui</span> <span class='ocrx_word' id='word_1_51' title='bbox 466 633 642 675; x_wconf 81' lang='lat' dir='ltr'>nimiam</span> <span class='ocrx_word' id='word_1_52' title='bbox 671 634 717 675; x_wconf 88' lang='lat' dir='ltr'>in</span> <span class='ocrx_word' id='word_1_53' title='bbox 737 634 1058 677; x_wconf 80' lang='lat' dir='ltr'>circumcisione</span> <span class='ocrx_word' id='word_1_54' title='bbox 1080 634 1256 686; x_wconf 85' lang='lat' dir='ltr'>gloriam</span> <span class='ocrx_word' id='word_1_55' title='bbox 1274 633 1320 690; x_wconf 78' lang='grc'>4)</span> <span class='ocrx_word' id='word_1_56' title='bbox 1350 647 1534 691; x_wconf 84' lang='lat' dir='ltr'>ponunt,</span> 
     </span>
     <span class='ocr_line' id='line_1_8' title="bbox 116 710 1532 767; baseline 0.002 -15"><span class='ocrx_word' id='word_1_57' title='bbox 116 711 299 752; x_wconf 80' lang='lat' dir='ltr'><strong>addidit:</strong></span> <span class='ocrx_word' id='word_1_58' title='bbox 339 710 459 764; x_wconf 78' lang='lat' dir='ltr'>‚‚si5)</span> <span class='ocrx_word' id='word_1_59' title='bbox 500 722 638 752; x_wconf 86' lang='lat' dir='ltr'>autem</span> <span class='ocrx_word' id='word_1_60' title='bbox 671 713 987 767; x_wconf 81' lang='lat' dir='ltr'>praevaricator</span> <span class='ocrx_word' id='word_1_61' title='bbox 1014 711 1068 752; x_wconf 91' lang='lat' dir='ltr'>sis</span> <span class='ocrx_word' id='word_1_62' title='bbox 1106 711 1226 763; x_wconf 84' lang='lat' dir='ltr'>legis,</span> <span class='ocrx_word' id='word_1_63' title='bbox 1265 711 1532 755; x_wconf 79' lang='lat' dir='ltr'>circumcisio</span> 
     </span>
     <span class='ocr_line' id='line_1_9' title="bbox 114 787 1534 843; baseline 0.002 -15"><span class='ocrx_word' id='word_1_64' title='bbox 114 799 186 829; x_wconf 85' lang='lat' dir='ltr'>tua</span> <span class='ocrx_word' id='word_1_65' title='bbox 216 787 485 843; x_wconf 87' lang='lat' dir='ltr'>praeputium</span> <span class='ocrx_word' id='word_1_66' title='bbox 514 787 625 828; x_wconf 83' lang='lat' dir='ltr'>facta</span> <span class='ocrx_word' id='word_1_67' title='bbox 657 792 752 828; x_wconf 87' lang='lat' dir='ltr'>est.“</span> <span class='ocrx_word' id='word_1_68' title='bbox 810 787 867 828; x_wconf 91' lang='lat' dir='ltr'>Ut</span> <span class='ocrx_word' id='word_1_69' title='bbox 893 799 1030 828; x_wconf 86' lang='lat' dir='ltr'>autem</span> <span class='ocrx_word' id='word_1_70' title='bbox 1053 789 1278 843; x_wconf 86' lang='lat' dir='ltr'>paululum</span> <span class='ocrx_word' id='word_1_71' title='bbox 1310 801 1349 830; x_wconf 87' lang='lat' dir='ltr'>et</span> <span class='ocrx_word' id='word_1_72' title='bbox 1369 806 1534 841; x_wconf 88' lang='lat' dir='ltr'>eorum,</span> 
     </span>
     <span class='ocr_line' id='line_1_10' title="bbox 117 862 1534 924; baseline 0.004 -21"><span class='ocrx_word' id='word_1_73' title='bbox 117 864 190 920; x_wconf 85' lang='lat' dir='ltr'>qui</span> <span class='ocrx_word' id='word_1_74' title='bbox 232 880 278 904; x_wconf 84' lang='lat' dir='ltr'>ex</span> <span class='ocrx_word' id='word_1_75' title='bbox 320 862 527 905; x_wconf 81' lang='lat' dir='ltr'>Gentibus</span> <span class='ocrx_word' id='word_1_76' title='bbox 569 866 770 914; x_wconf 86' lang='lat' dir='ltr'>credunt,</span> <span class='ocrx_word' id='word_1_77' title='bbox 818 864 984 906; x_wconf 84' lang='lat' dir='ltr'>animos</span> <span class='ocrx_word' id='word_1_78' title='bbox 1028 866 1245 916; x_wconf 82' lang='lat' dir='ltr'><strong>allevaret,</strong></span> <span class='ocrx_word' id='word_1_79' title='bbox 1294 865 1534 924; x_wconf 81' lang='lat' dir='ltr'>subjungit:</span> 
     </span>
     <span class='ocr_line' id='line_1_11' title="bbox 113 938 1534 997; baseline 0.002 -15"><span class='ocrx_word' id='word_1_80' title='bbox 113 940 173 990; x_wconf 84' lang='lat' dir='ltr'>„si</span> <span class='ocrx_word' id='word_1_81' title='bbox 191 938 236 994; x_wconf 76' lang='grc'>6)</span> <span class='ocrx_word' id='word_1_82' title='bbox 268 951 405 980; x_wconf 84' lang='lat' dir='ltr'>autem</span> <span class='ocrx_word' id='word_1_83' title='bbox 436 940 707 996; x_wconf 86' lang='lat' dir='ltr'>praeputium</span> <span class='ocrx_word' id='word_1_84' title='bbox 736 939 912 996; x_wconf 78' lang='lat' dir='ltr'>justitias</span> <span class='ocrx_word' id='word_1_85' title='bbox 931 940 974 997; x_wconf 87' lang='grc'>7)</span> <span class='ocrx_word' id='word_1_86' title='bbox 1004 941 1102 993; x_wconf 80' lang='lat' dir='ltr'>legis</span> <span class='ocrx_word' id='word_1_87' title='bbox 1134 942 1355 992; x_wconf 84' lang='lat' dir='ltr'>custodiat,</span> <span class='ocrx_word' id='word_1_88' title='bbox 1383 959 1534 985; x_wconf 83' lang='lat' dir='ltr'>nonne</span> 
     </span>
     <span class='ocr_line' id='line_1_12' title="bbox 112 1016 1533 1076; baseline 0.003 -19"><span class='ocrx_word' id='word_1_89' title='bbox 112 1016 385 1072; x_wconf 83' lang='lat' dir='ltr'>praeputium</span> <span class='ocrx_word' id='word_1_90' title='bbox 414 1016 524 1060; x_wconf 84' lang='lat' dir='ltr'>illius</span> <span class='ocrx_word' id='word_1_91' title='bbox 554 1017 599 1058; x_wconf 89' lang='lat' dir='ltr'>in</span> <span class='ocrx_word' id='word_1_92' title='bbox 633 1016 1001 1059; x_wconf 83' lang='lat' dir='ltr'>circumcisionem</span> <span class='ocrx_word' id='word_1_93' title='bbox 1031 1018 1362 1073; x_wconf 79' lang='lat' dir='ltr'>reputabitur?“</span> <span class='ocrx_word' id='word_1_94' title='bbox 1391 1021 1533 1076; x_wconf 87' lang='lat' dir='ltr'>Atque</span> 
     </span>
     <span class='ocr_line' id='line_1_13' title="bbox 113 1093 1533 1152; baseline 0.004 -18"><span class='ocrx_word' id='word_1_95' title='bbox 113 1104 160 1134; x_wconf 87' lang='lat' dir='ltr'>ut</span> <span class='ocrx_word' id='word_1_96' title='bbox 187 1093 364 1135; x_wconf 76' lang='lat' dir='ltr'>validius</span> <span class='ocrx_word' id='word_1_97' title='bbox 395 1093 569 1145; x_wconf 82' lang='lat' dir='ltr'>erigeret</span> <span class='ocrx_word' id='word_1_98' title='bbox 597 1093 762 1135; x_wconf 89' lang='lat' dir='ltr'>animos</span> <span class='ocrx_word' id='word_1_99' title='bbox 793 1093 1019 1145; x_wconf 87' lang='lat' dir='ltr'>Gentium,</span> <span class='ocrx_word' id='word_1_100' title='bbox 1051 1106 1091 1136; x_wconf 90' lang='lat' dir='ltr'>et</span> <span class='ocrx_word' id='word_1_101' title='bbox 1117 1096 1293 1147; x_wconf 87' lang='lat' dir='ltr'>scirent,</span> <span class='ocrx_word' id='word_1_102' title='bbox 1321 1113 1447 1152; x_wconf 89' lang='lat' dir='ltr'>posse</span> <span class='ocrx_word' id='word_1_103' title='bbox 1474 1113 1533 1146; x_wconf 87' lang='lat' dir='ltr'>se,</span> 
     </span>
     <span class='ocr_line' id='line_1_14' title="bbox 112 1170 1533 1225; baseline 0.001 -13"><span class='ocrx_word' id='word_1_104' title='bbox 112 1171 146 1213; x_wconf 88' lang='lat' dir='ltr'>si</span> <span class='ocrx_word' id='word_1_105' title='bbox 174 1170 309 1221; x_wconf 87' lang='lat' dir='ltr'>legem</span> <span class='ocrx_word' id='word_1_106' title='bbox 338 1170 565 1225; x_wconf 82' lang='lat' dir='ltr'>perfectius</span> <span class='ocrx_word' id='word_1_107' title='bbox 597 1171 891 1220; x_wconf 81' lang='lat' dir='ltr'>observarent,</span> <span class='ocrx_word' id='word_1_108' title='bbox 931 1171 1057 1213; x_wconf 88' lang='lat' dir='ltr'>etiam</span> <span class='ocrx_word' id='word_1_109' title='bbox 1086 1173 1284 1214; x_wconf 88' lang='lat' dir='ltr'>meliores</span> <span class='ocrx_word' id='word_1_110' title='bbox 1315 1173 1425 1214; x_wconf 84' lang='lat' dir='ltr'>effici</span> <span class='ocrx_word' id='word_1_111' title='bbox 1452 1173 1533 1214; x_wconf 88' lang='lat' dir='ltr'>Ju-</span> 
     </span>
     <span class='ocr_line' id='line_1_15' title="bbox 114 1244 1533 1304; baseline 0.002 -17"><span class='ocrx_word' id='word_1_112' title='bbox 114 1247 242 1296; x_wconf 89' lang='lat' dir='ltr'>daeis,</span> <span class='ocrx_word' id='word_1_113' title='bbox 272 1246 394 1288; x_wconf 85' lang='lat' dir='ltr'>dicit:</span> <span class='ocrx_word' id='word_1_114' title='bbox 424 1246 551 1302; x_wconf 73' lang='lat' dir='ltr'>‚,et3)</span> <span class='ocrx_word' id='word_1_115' title='bbox 581 1244 789 1302; x_wconf 84' lang='lat' dir='ltr'>judicabit</span> <span class='ocrx_word' id='word_1_116' title='bbox 817 1247 882 1296; x_wconf 89' lang='lat' dir='ltr'>id,</span> <span class='ocrx_word' id='word_1_117' title='bbox 912 1249 1031 1303; x_wconf 89' lang='lat' dir='ltr'>quod</span> <span class='ocrx_word' id='word_1_118' title='bbox 1062 1264 1108 1289; x_wconf 84' lang='lat' dir='ltr'>ex</span> <span class='ocrx_word' id='word_1_119' title='bbox 1137 1260 1289 1291; x_wconf 84' lang='lat' dir='ltr'>natura</span> <span class='ocrx_word' id='word_1_120' title='bbox 1320 1260 1379 1291; x_wconf 88' lang='lat' dir='ltr'>est</span> <span class='ocrx_word' id='word_1_121' title='bbox 1407 1265 1533 1304; x_wconf 86' lang='lat' dir='ltr'>prae-</span> 
     </span>
     <span class='ocr_line' id='line_1_16' title="bbox 113 1322 1532 1379; baseline 0.004 -16"><span class='ocrx_word' id='word_1_122' title='bbox 113 1324 304 1379; x_wconf 86' lang='lat' dir='ltr'>putium,</span> <span class='ocrx_word' id='word_1_123' title='bbox 333 1324 470 1374; x_wconf 84' lang='lat' dir='ltr'>legem</span> <span class='ocrx_word' id='word_1_124' title='bbox 499 1322 743 1378; x_wconf 84' lang='lat' dir='ltr'>perficiens,</span> <span class='ocrx_word' id='word_1_125' title='bbox 782 1334 843 1373; x_wconf 86' lang='lat' dir='ltr'>te,</span> <span class='ocrx_word' id='word_1_126' title='bbox 873 1324 945 1378; x_wconf 89' lang='lat' dir='ltr'>qui</span> <span class='ocrx_word' id='word_1_127' title='bbox 974 1340 1053 1379; x_wconf 90' lang='lat' dir='ltr'>per</span> <span class='ocrx_word' id='word_1_128' title='bbox 1079 1325 1246 1367; x_wconf 86' lang='lat' dir='ltr'>literam</span> <span class='ocrx_word' id='word_1_129' title='bbox 1279 1337 1319 1367; x_wconf 86' lang='lat' dir='ltr'>et</span> <span class='ocrx_word' id='word_1_130' title='bbox 1348 1325 1532 1368; x_wconf 90' lang='lat' dir='ltr'>circum-</span> 
     </span>
     <span class='ocr_line' id='line_1_17' title="bbox 115 1399 1532 1458; baseline 0.004 -18"><span class='ocrx_word' id='word_1_131' title='bbox 115 1399 320 1441; x_wconf 87' lang='lat' dir='ltr'>cisionem</span> <span class='ocrx_word' id='word_1_132' title='bbox 350 1400 666 1454; x_wconf 78' lang='lat' dir='ltr'>praevaricator</span> <span class='ocrx_word' id='word_1_133' title='bbox 695 1415 735 1441; x_wconf 86' lang='lat' dir='ltr'>es</span> <span class='ocrx_word' id='word_1_134' title='bbox 762 1399 901 1451; x_wconf 87' lang='lat' dir='ltr'>legis.“</span> <span class='ocrx_word' id='word_1_135' title='bbox 940 1399 1115 1451; x_wconf 83' lang='lat' dir='ltr'>Verum,</span> <span class='ocrx_word' id='word_1_136' title='bbox 1147 1401 1352 1458; x_wconf 83' lang='lat' dir='ltr'>quoniam</span> <span class='ocrx_word' id='word_1_137' title='bbox 1372 1403 1532 1445; x_wconf 88' lang='lat' dir='ltr'>sciebat</span> 
     </span>
     <span class='ocr_line' id='line_1_18' title="bbox 113 1475 1532 1535; baseline 0.004 -19"><span class='ocrx_word' id='word_1_138' title='bbox 113 1477 265 1517; x_wconf 87' lang='lat' dir='ltr'>multas</span> <span class='ocrx_word' id='word_1_139' title='bbox 303 1475 349 1516; x_wconf 88' lang='lat' dir='ltr'>in</span> <span class='ocrx_word' id='word_1_140' title='bbox 380 1476 469 1528; x_wconf 86' lang='lat' dir='ltr'>lege</span> <span class='ocrx_word' id='word_1_141' title='bbox 509 1487 547 1516; x_wconf 87' lang='lat' dir='ltr'>et</span> <span class='ocrx_word' id='word_1_142' title='bbox 575 1475 795 1531; x_wconf 87' lang='lat' dir='ltr'>prophetis</span> <span class='ocrx_word' id='word_1_143' title='bbox 826 1492 912 1518; x_wconf 87' lang='lat' dir='ltr'>esse</span> <span class='ocrx_word' id='word_1_144' title='bbox 947 1476 1379 1534; x_wconf 78' lang='lat' dir='ltr'>repromissiones,⁹)</span> <span class='ocrx_word' id='word_1_145' title='bbox 1421 1496 1532 1535; x_wconf 87' lang='lat' dir='ltr'>quae</span> 
     </span>
     <span class='ocr_line' id='line_1_19' title="bbox 114 1550 1530 1609; baseline 0.003 -16"><span class='ocrx_word' id='word_1_146' title='bbox 114 1554 170 1594; x_wconf 85' lang='lat' dir='ltr'>ad</span> <span class='ocrx_word' id='word_1_147' title='bbox 207 1552 396 1593; x_wconf 87' lang='lat' dir='ltr'>Judaeos</span> <span class='ocrx_word' id='word_1_148' title='bbox 433 1550 526 1592; x_wconf 87' lang='lat' dir='ltr'>fieri</span> <span class='ocrx_word' id='word_1_149' title='bbox 555 1551 771 1601; x_wconf 82' lang='lat' dir='ltr'>videntur,</span> <span class='ocrx_word' id='word_1_150' title='bbox 808 1568 865 1594; x_wconf 89' lang='lat' dir='ltr'>ne</span> <span class='ocrx_word' id='word_1_151' title='bbox 902 1554 1066 1609; x_wconf 88' lang='lat' dir='ltr'>possint</span> <span class='ocrx_word' id='word_1_152' title='bbox 1104 1556 1328 1608; x_wconf 87' lang='lat' dir='ltr'>desperare</span> <span class='ocrx_word' id='word_1_153' title='bbox 1359 1554 1530 1606; x_wconf 85' lang='lat' dir='ltr'>Gentes,</span> 
     </span>
     <span class='ocr_line' id='line_1_20' title="bbox 111 1628 1531 1687; baseline 0.003 -18"><span class='ocrx_word' id='word_1_154' title='bbox 111 1639 314 1682; x_wconf 84' lang='lat' dir='ltr'>tanquam</span> <span class='ocrx_word' id='word_1_155' title='bbox 346 1643 454 1682; x_wconf 87' lang='lat' dir='ltr'>quae</span> <span class='ocrx_word' id='word_1_156' title='bbox 488 1628 596 1669; x_wconf 85' lang='lat' dir='ltr'>nihil</span> <span class='ocrx_word' id='word_1_157' title='bbox 624 1628 830 1670; x_wconf 86' lang='lat' dir='ltr'>societatis</span> <span class='ocrx_word' id='word_1_158' title='bbox 871 1629 917 1670; x_wconf 90' lang='lat' dir='ltr'>in</span> <span class='ocrx_word' id='word_1_159' title='bbox 957 1630 1204 1687; x_wconf 85' lang='lat' dir='ltr'>conscriptis</span> <span class='ocrx_word' id='word_1_160' title='bbox 1232 1631 1531 1686; x_wconf 85' lang='lat' dir='ltr'>repromissio-</span> 
     </span>
     <span class='ocr_line' id='line_1_21' title="bbox 110 1705 1536 1766; baseline 0.003 -19"><span class='ocrx_word' id='word_1_161' title='bbox 110 1705 237 1747; x_wconf 88' lang='lat' dir='ltr'>nibus</span> <span class='ocrx_word' id='word_1_162' title='bbox 266 1705 472 1753; x_wconf 84' lang='lat' dir='ltr'>habeant‚</span> <span class='ocrx_word' id='word_1_163' title='bbox 514 1705 642 1744; x_wconf 91' lang='lat' dir='ltr'>docet</span> <span class='ocrx_word' id='word_1_164' title='bbox 673 1720 767 1754; x_wconf 87' lang='lat' dir='ltr'>eos,</span> <span class='ocrx_word' id='word_1_165' title='bbox 808 1706 1015 1761; x_wconf 85' lang='lat' dir='ltr'>quod¹⁰)</span> <span class='ocrx_word' id='word_1_166' title='bbox 1043 1707 1280 1748; x_wconf 83' lang='lat' dir='ltr'>secundum</span> <span class='ocrx_word' id='word_1_167' title='bbox 1309 1708 1536 1766; x_wconf 81' lang='lat' dir='ltr'>mysticam</span> 
     </span>
     <span class='ocr_line' id='line_1_22' title="bbox 111 1779 1530 1837; baseline 0.004 -15"><span class='ocrx_word' id='word_1_168' title='bbox 111 1781 322 1822; x_wconf 84' lang='lat' dir='ltr'>rationem</span> <span class='ocrx_word' id='word_1_169' title='bbox 356 1779 480 1821; x_wconf 84' lang='lat' dir='ltr'>etiam</span> <span class='ocrx_word' id='word_1_170' title='bbox 510 1780 590 1836; x_wconf 87' lang='lat' dir='ltr'>ipsi</span> <span class='ocrx_word' id='word_1_171' title='bbox 619 1781 774 1823; x_wconf 83' lang='lat' dir='ltr'>Judaei</span> <span class='ocrx_word' id='word_1_172' title='bbox 811 1780 1002 1837; x_wconf 80' lang='lat' dir='ltr'>sint,¹¹)</span> <span class='ocrx_word' id='word_1_173' title='bbox 1044 1795 1083 1824; x_wconf 89' lang='lat' dir='ltr'>et</span> <span class='ocrx_word' id='word_1_174' title='bbox 1120 1783 1307 1826; x_wconf 86' lang='lat' dir='ltr'>habeant</span> <span class='ocrx_word' id='word_1_175' title='bbox 1346 1786 1530 1827; x_wconf 90' lang='lat' dir='ltr'>circum-</span> 
     </span>
     <span class='ocr_line' id='line_1_23' title="bbox 112 1856 1530 1916; baseline 0.003 -16"><span class='ocrx_word' id='word_1_176' title='bbox 112 1858 327 1900; x_wconf 87' lang='lat' dir='ltr'>cisionem.</span> <span class='ocrx_word' id='word_1_177' title='bbox 388 1856 621 1912; x_wconf 85' lang='lat' dir='ltr'>Propterea</span> <span class='ocrx_word' id='word_1_178' title='bbox 658 1857 778 1898; x_wconf 82' lang='lat' dir='ltr'>dicit:</span> <span class='ocrx_word' id='word_1_179' title='bbox 819 1858 1025 1915; x_wconf 81' lang='lat' dir='ltr'>„non¹²)</span> <span class='ocrx_word' id='word_1_180' title='bbox 1065 1859 1179 1902; x_wconf 87' lang='lat' dir='ltr'>enim</span> <span class='ocrx_word' id='word_1_181' title='bbox 1210 1860 1284 1916; x_wconf 87' lang='lat' dir='ltr'>qui</span> <span class='ocrx_word' id='word_1_182' title='bbox 1312 1861 1358 1903; x_wconf 91' lang='lat' dir='ltr'>in</span> <span class='ocrx_word' id='word_1_183' title='bbox 1389 1862 1530 1904; x_wconf 88' lang='lat' dir='ltr'>mani-</span> 
     </span>
     <span class='ocr_line' id='line_1_24' title="bbox 111 1934 1529 1991; baseline 0.002 -14"><span class='ocrx_word' id='word_1_184' title='bbox 111 1937 214 1977; x_wconf 80' lang='lat' dir='ltr'>festo</span> <span class='ocrx_word' id='word_1_185' title='bbox 246 1936 433 1976; x_wconf 87' lang='lat' dir='ltr'>Judaeus</span> <span class='ocrx_word' id='word_1_186' title='bbox 465 1946 534 1983; x_wconf 88' lang='lat' dir='ltr'>est,</span> <span class='ocrx_word' id='word_1_187' title='bbox 564 1950 704 1990; x_wconf 88' lang='lat' dir='ltr'>neque</span> <span class='ocrx_word' id='word_1_188' title='bbox 727 1934 796 1990; x_wconf 80' lang='grc'>13)</span> <span class='ocrx_word' id='word_1_189' title='bbox 828 1952 935 1991; x_wconf 89' lang='lat' dir='ltr'>quae</span> <span class='ocrx_word' id='word_1_190' title='bbox 964 1936 1008 1977; x_wconf 89' lang='lat' dir='ltr'>in</span> <span class='ocrx_word' id='word_1_191' title='bbox 1038 1938 1284 1988; x_wconf 82' lang='lat' dir='ltr'>manifesto,</span> <span class='ocrx_word' id='word_1_192' title='bbox 1312 1937 1358 1980; x_wconf 90' lang='lat' dir='ltr'>in</span> <span class='ocrx_word' id='word_1_193' title='bbox 1390 1954 1529 1991; x_wconf 84' lang='lat' dir='ltr'>carne,</span> 
     </span>
    </p>
   </div>
   <div class='ocr_carea' id='block_1_3' title="bbox 113 2009 1528 2070">
    <p class='ocr_par' dir='ltr' id='par_1_3' title="bbox 113 2009 1528 2070">
     <span class='ocr_line' id='line_1_25' title="bbox 113 2009 1528 2070; baseline 0.004 -18"><span class='ocrx_word' id='word_1_194' title='bbox 113 2023 171 2053; x_wconf 90' lang='lat' dir='ltr'>est</span> <span class='ocrx_word' id='word_1_195' title='bbox 201 2009 487 2061; x_wconf 86' lang='lat' dir='ltr'>circumcisio,</span> <span class='ocrx_word' id='word_1_196' title='bbox 525 2011 598 2052; x_wconf 85' lang='lat' dir='ltr'>sed</span> <span class='ocrx_word' id='word_1_197' title='bbox 642 2010 713 2065; x_wconf 85' lang='lat' dir='ltr'>qui</span> <span class='ocrx_word' id='word_1_198' title='bbox 751 2010 796 2053; x_wconf 83' lang='lat' dir='ltr'>in</span> <span class='ocrx_word' id='word_1_199' title='bbox 837 2014 1006 2055; x_wconf 88' lang='lat' dir='ltr'>occulto</span> <span class='ocrx_word' id='word_1_200' title='bbox 1046 2013 1324 2070; x_wconf 68' lang='lat' dir='ltr'>Judaeus¹⁴)</span> <span class='ocrx_word' id='word_1_201' title='bbox 1363 2026 1445 2066; x_wconf 81' lang='lat' dir='ltr'>est,</span> <span class='ocrx_word' id='word_1_202' title='bbox 1488 2026 1528 2057; x_wconf 88' lang='lat' dir='ltr'>et</span> 
     </span>
    </p>
   </div>
   <div class='ocr_carea' id='block_1_4' title="bbox 111 2163 1526 2626">
    <p class='ocr_par' dir='ltr' id='par_1_4' title="bbox 230 2163 1046 2220">
     <span class='ocr_line' id='line_1_26' title="bbox 230 2163 1046 2220; baseline 0.004 -17"><span class='ocrx_word' id='word_1_203' title='bbox 230 2165 274 2220; x_wconf 80' lang='lat'>¹)</span> <span class='ocrx_word' id='word_1_204' title='bbox 306 2163 433 2204; x_wconf 86' lang='lat' dir='ltr'>Rom.</span> <span class='ocrx_word' id='word_1_205' title='bbox 463 2163 518 2213; x_wconf 82' lang='grc' dir='ltr'>ῙῘ,</span> <span class='ocrx_word' id='word_1_206' title='bbox 547 2163 615 2206; x_wconf 74' lang='grc'>24.</span> <span class='ocrx_word' id='word_1_207' title='bbox 648 2164 745 2205; x_wconf 89' lang='lat' dir='ltr'>coll.</span> <span class='ocrx_word' id='word_1_208' title='bbox 775 2163 858 2206; x_wconf 84' lang='lat' dir='ltr'>Jes.</span> <span class='ocrx_word' id='word_1_209' title='bbox 888 2164 976 2215; x_wconf 82' lang='lat' dir='ltr'>LII,</span> <span class='ocrx_word' id='word_1_210' title='bbox 1007 2166 1046 2208; x_wconf 82' lang='lat'>5.</span> 
     </span>
    </p>

    <p class='ocr_par' dir='ltr' id='par_1_5' title="bbox 228 2233 1484 2291">
     <span class='ocr_line' id='line_1_27' title="bbox 228 2233 1484 2291; baseline 0.004 -17"><span class='ocrx_word' id='word_1_211' title='bbox 228 2235 274 2291; x_wconf 74' lang='lat'>2)</span> <span class='ocrx_word' id='word_1_212' title='bbox 307 2234 433 2275; x_wconf 87' lang='lat' dir='ltr'>Rom.</span> <span class='ocrx_word' id='word_1_213' title='bbox 464 2234 516 2284; x_wconf 86' lang='lat' dir='ltr'>II,</span> <span class='ocrx_word' id='word_1_214' title='bbox 546 2236 613 2276; x_wconf 79' lang='lat'>25.</span> <span class='ocrx_word' id='word_1_215' title='bbox 732 2233 778 2290; x_wconf 83' lang='grc'>3)</span> <span class='ocrx_word' id='word_1_216' title='bbox 809 2234 937 2274; x_wconf 88' lang='lat' dir='ltr'>Deest</span> <span class='ocrx_word' id='word_1_217' title='bbox 964 2234 1191 2290; x_wconf 85' lang='lat' dir='ltr'>„quidem“</span> <span class='ocrx_word' id='word_1_218' title='bbox 1219 2236 1266 2278; x_wconf 89' lang='lat' dir='ltr'>in</span> <span class='ocrx_word' id='word_1_219' title='bbox 1296 2237 1391 2279; x_wconf 90' lang='lat' dir='ltr'><strong>edd.</strong></span> <span class='ocrx_word' id='word_1_220' title='bbox 1423 2237 1484 2278; x_wconf 89' lang='lat' dir='ltr'>M.</span> 
     </span>
    </p>

    <p class='ocr_par' dir='ltr' id='par_1_6' title="bbox 226 2302 1056 2361">
     <span class='ocr_line' id='line_1_28' title="bbox 226 2302 1056 2361; baseline 0.001 -16"><span class='ocrx_word' id='word_1_221' title='bbox 226 2302 272 2361; x_wconf 75' lang='lat'>²²)</span> <span class='ocrx_word' id='word_1_222' title='bbox 302 2304 413 2345; x_wconf 86' lang='lat' dir='ltr'><strong>Edd.</strong></span> <span class='ocrx_word' id='word_1_223' title='bbox 441 2304 637 2345; x_wconf 84' lang='lat' dir='ltr'>Merlini:</span> <span class='ocrx_word' id='word_1_224' title='bbox 666 2315 837 2359; x_wconf 86' lang='lat' dir='ltr'>ponunt</span> <span class='ocrx_word' id='word_1_225' title='bbox 866 2303 1056 2356; x_wconf 82' lang='lat' dir='ltr'>gloriam.</span> 
     </span>
    </p>

    <p class='ocr_par' dir='ltr' id='par_1_7' title="bbox 229 2373 1107 2430">
     <span class='ocr_line' id='line_1_29' title="bbox 229 2373 1107 2430; baseline 0.005 -17"><span class='ocrx_word' id='word_1_226' title='bbox 229 2375 271 2429; x_wconf 86' lang='lat'>⁵)</span> <span class='ocrx_word' id='word_1_227' title='bbox 303 2374 430 2415; x_wconf 88' lang='lat' dir='ltr'>Rom.</span> <span class='ocrx_word' id='word_1_228' title='bbox 465 2373 516 2423; x_wconf 86' lang='lat' dir='ltr'>II,</span> <span class='ocrx_word' id='word_1_229' title='bbox 545 2374 612 2416; x_wconf 82' lang='lat'>25.</span> <span class='ocrx_word' id='word_1_230' title='bbox 730 2373 774 2430; x_wconf 75' lang='grc' dir='ltr'>ὃ)</span> <span class='ocrx_word' id='word_1_231' title='bbox 806 2374 930 2415; x_wconf 87' lang='lat' dir='ltr'>Rom.</span> <span class='ocrx_word' id='word_1_232' title='bbox 959 2373 1013 2423; x_wconf 82' lang='grc' dir='ltr'>Π,</span> <span class='ocrx_word' id='word_1_233' title='bbox 1040 2375 1107 2417; x_wconf 75' lang='grc'>26.</span> 
     </span>
    </p>

    <p class='ocr_par' dir='ltr' id='par_1_8' title="bbox 228 2441 1482 2500">
     <span class='ocr_line' id='line_1_30' title="bbox 228 2441 1482 2500; baseline 0.002 -14"><span class='ocrx_word' id='word_1_234' title='bbox 228 2444 272 2499; x_wconf 76' lang='grc'>7)</span> <span class='ocrx_word' id='word_1_235' title='bbox 301 2445 412 2486; x_wconf 86' lang='lat' dir='ltr'><strong>Edd.</strong></span> <span class='ocrx_word' id='word_1_236' title='bbox 442 2444 638 2485; x_wconf 83' lang='lat' dir='ltr'>Merlini:</span> <span class='ocrx_word' id='word_1_237' title='bbox 668 2443 768 2495; x_wconf 84' lang='lat' dir='ltr'>legis</span> <span class='ocrx_word' id='word_1_238' title='bbox 797 2441 982 2500; x_wconf 79' lang='lat' dir='ltr'>justitias.</span> <span class='ocrx_word' id='word_1_239' title='bbox 1099 2443 1145 2500; x_wconf 88' lang='grc'>8)</span> <span class='ocrx_word' id='word_1_240' title='bbox 1176 2444 1301 2487; x_wconf 85' lang='lat' dir='ltr'>Rom.</span> <span class='ocrx_word' id='word_1_241' title='bbox 1332 2445 1386 2496; x_wconf 86' lang='grc' dir='ltr'>Π,</span> <span class='ocrx_word' id='word_1_242' title='bbox 1415 2447 1482 2490; x_wconf 82' lang='grc'>27.</span> 
     </span>
    </p>

    <p class='ocr_par' dir='ltr' id='par_1_9' title="bbox 111 2513 1526 2626">
     <span class='ocr_line' id='line_1_31' title="bbox 223 2513 1526 2577; baseline 0.002 -22"><span class='ocrx_word' id='word_1_243' title='bbox 223 2513 268 2568; x_wconf 82' lang='grc'>9)</span> <span class='ocrx_word' id='word_1_244' title='bbox 297 2513 415 2555; x_wconf 89' lang='lat' dir='ltr'>Editi</span> <span class='ocrx_word' id='word_1_245' title='bbox 442 2516 501 2570; x_wconf 80' lang='lat' dir='ltr'>(v.</span> <span class='ocrx_word' id='word_1_246' title='bbox 529 2531 562 2554; x_wconf 90' lang='lat' dir='ltr'>c.</span> <span class='ocrx_word' id='word_1_247' title='bbox 581 2516 675 2556; x_wconf 86' lang='lat' dir='ltr'><strong>edd.</strong></span> <span class='ocrx_word' id='word_1_248' title='bbox 696 2513 800 2570; x_wconf 82' lang='lat' dir='ltr'>M.):</span> <span class='ocrx_word' id='word_1_249' title='bbox 833 2513 1209 2568; x_wconf 85' lang='lat' dir='ltr'>„repromissiones</span> <span class='ocrx_word' id='word_1_250' title='bbox 1238 2517 1293 2557; x_wconf 85' lang='lat' dir='ltr'>ad</span> <span class='ocrx_word' id='word_1_251' title='bbox 1322 2515 1526 2577; x_wconf 85' lang='lat' dir='ltr'>Judaeos,</span> 
     </span>
     <span class='ocr_line' id='line_1_32' title="bbox 111 2570 819 2626; baseline 0.001 -17"><span class='ocrx_word' id='word_1_252' title='bbox 111 2584 165 2609; x_wconf 92' lang='lat' dir='ltr'>ne</span> <span class='ocrx_word' id='word_1_253' title='bbox 194 2582 366 2624; x_wconf 87' lang='lat' dir='ltr'>possent</span> <span class='ocrx_word' id='word_1_254' title='bbox 396 2573 646 2626; x_wconf 85' lang='lat' dir='ltr'>desperare“</span> <span class='ocrx_word' id='word_1_255' title='bbox 677 2582 753 2612; x_wconf 91' lang='lat' dir='ltr'>etc.</span> <span class='ocrx_word' id='word_1_256' title='bbox 786 2570 819 2610; x_wconf 85' lang='lat' dir='ltr'>R</span> 
     </span>
    </p>
   </div>
   <div class='ocr_carea' id='block_1_5' title="bbox 197 2638 1523 2903">
    <p class='ocr_par' dir='ltr' id='par_1_10' title="bbox 200 2638 1276 2695">
     <span class='ocr_line' id='line_1_33' title="bbox 200 2638 1276 2695; baseline 0 -15"><span class='ocrx_word' id='word_1_257' title='bbox 200 2638 271 2693; x_wconf 85' lang='lat'>¹⁰)</span> <span class='ocrx_word' id='word_1_258' title='bbox 303 2640 418 2681; x_wconf 88' lang='lat' dir='ltr'>Alias</span> <span class='ocrx_word' id='word_1_259' title='bbox 449 2640 507 2695; x_wconf 81' lang='lat' dir='ltr'>(v.</span> <span class='ocrx_word' id='word_1_260' title='bbox 540 2657 573 2681; x_wconf 93' lang='lat' dir='ltr'>c.</span> <span class='ocrx_word' id='word_1_261' title='bbox 603 2641 648 2682; x_wconf 87' lang='lat' dir='ltr'>in</span> <span class='ocrx_word' id='word_1_262' title='bbox 680 2641 776 2681; x_wconf 90' lang='lat' dir='ltr'><strong>edd.</strong></span> <span class='ocrx_word' id='word_1_263' title='bbox 806 2638 914 2694; x_wconf 81' lang='lat' dir='ltr'>M.):</span> <span class='ocrx_word' id='word_1_264' title='bbox 945 2641 1035 2695; x_wconf 82' lang='lat' dir='ltr'>qui.</span> <span class='ocrx_word' id='word_1_265' title='bbox 1066 2639 1194 2683; x_wconf 86' lang='lat' dir='ltr'>Male.</span> <span class='ocrx_word' id='word_1_266' title='bbox 1224 2639 1276 2681; x_wconf 90' lang='lat' dir='ltr'>R.</span> 
     </span>
    </p>

    <p class='ocr_par' dir='ltr' id='par_1_11' title="bbox 197 2704 1523 2903">
     <span class='ocr_line' id='line_1_34' title="bbox 200 2704 1437 2765; baseline 0.002 -17"><span class='ocrx_word' id='word_1_267' title='bbox 200 2708 272 2764; x_wconf 74' lang='grc'>11)</span> <span class='ocrx_word' id='word_1_268' title='bbox 301 2708 411 2751; x_wconf 89' lang='lat' dir='ltr'><strong>Edd.</strong></span> <span class='ocrx_word' id='word_1_269' title='bbox 442 2709 638 2750; x_wconf 84' lang='lat' dir='ltr'>Merlini:</span> <span class='ocrx_word' id='word_1_270' title='bbox 669 2711 784 2751; x_wconf 82' lang='lat' dir='ltr'>fiant.</span> <span class='ocrx_word' id='word_1_271' title='bbox 905 2709 977 2765; x_wconf 78' lang='lat'>¹²)</span> <span class='ocrx_word' id='word_1_272' title='bbox 1010 2709 1136 2752; x_wconf 86' lang='lat' dir='ltr'>Rom.</span> <span class='ocrx_word' id='word_1_273' title='bbox 1173 2709 1226 2759; x_wconf 91' lang='lat' dir='ltr'>II,</span> <span class='ocrx_word' id='word_1_274' title='bbox 1256 2709 1323 2753; x_wconf 86' lang='lat'>28.</span> <span class='ocrx_word' id='word_1_275' title='bbox 1355 2704 1437 2754; x_wconf 54' lang='lat'>29(</span> 
     </span>
     <span class='ocr_line' id='line_1_35' title="bbox 198 2777 1523 2836; baseline 0.002 -17"><span class='ocrx_word' id='word_1_276' title='bbox 198 2777 270 2832; x_wconf 74' lang='grc'>13)</span> <span class='ocrx_word' id='word_1_277' title='bbox 299 2779 409 2820; x_wconf 90' lang='lat' dir='ltr'><strong>Edd.</strong></span> <span class='ocrx_word' id='word_1_278' title='bbox 437 2779 631 2821; x_wconf 86' lang='lat' dir='ltr'>Merlini:</span> <span class='ocrx_word' id='word_1_279' title='bbox 662 2795 802 2835; x_wconf 88' lang='lat' dir='ltr'>neque</span> <span class='ocrx_word' id='word_1_280' title='bbox 832 2796 940 2836; x_wconf 87' lang='lat' dir='ltr'>quae</span> <span class='ocrx_word' id='word_1_281' title='bbox 969 2780 1188 2822; x_wconf 86' lang='lat' dir='ltr'>manifeste</span> <span class='ocrx_word' id='word_1_282' title='bbox 1215 2779 1258 2821; x_wconf 88' lang='lat' dir='ltr'>in</span> <span class='ocrx_word' id='word_1_283' title='bbox 1292 2795 1418 2821; x_wconf 87' lang='lat' dir='ltr'>carne</span> <span class='ocrx_word' id='word_1_284' title='bbox 1448 2791 1523 2822; x_wconf 83' lang='lat' dir='ltr'>ete.</span> 
     </span>
     <span class='ocr_line' id='line_1_36' title="bbox 197 2846 1521 2903; baseline 0.002 -15"><span class='ocrx_word' id='word_1_285' title='bbox 197 2846 269 2903; x_wconf 73' lang='grc'>14)</span> <span class='ocrx_word' id='word_1_286' title='bbox 298 2847 408 2889; x_wconf 91' lang='lat' dir='ltr'><strong>Edd.</strong></span> <span class='ocrx_word' id='word_1_287' title='bbox 426 2849 621 2891; x_wconf 86' lang='lat' dir='ltr'>Merlini:</span> <span class='ocrx_word' id='word_1_288' title='bbox 653 2850 842 2892; x_wconf 85' lang='lat' dir='ltr'>Judaeus</span> <span class='ocrx_word' id='word_1_289' title='bbox 860 2861 918 2892; x_wconf 88' lang='lat' dir='ltr'>est</span> <span class='ocrx_word' id='word_1_290' title='bbox 938 2849 1263 2892; x_wconf 87' lang='lat' dir='ltr'>circumcisione</span> <span class='ocrx_word' id='word_1_291' title='bbox 1284 2847 1426 2890; x_wconf 86' lang='lat' dir='ltr'>cordis</span> <span class='ocrx_word' id='word_1_292' title='bbox 1444 2859 1521 2890; x_wconf 87' lang='lat' dir='ltr'>etc.</span> 
     </span>
    </p>
   </div>
   <div class='ocr_carea' id='block_1_6' title="bbox 106 2923 1277 2970">
    <p class='ocr_par' dir='ltr' id='par_1_12' title="bbox 106 2923 1277 2970">
     <span class='ocr_line' id='line_1_37' title="bbox 106 2923 1277 2970; baseline 0.002 -5"><span class='ocrx_word' id='word_1_293' title='bbox 106 2923 329 2968; x_wconf 80' lang='lat' dir='ltr'>ORIGENIS</span> <span class='ocrx_word' id='word_1_294' title='bbox 363 2923 536 2969; x_wconf 78' lang='lat' dir='ltr'>OPERA.</span> <span class='ocrx_word' id='word_1_295' title='bbox 579 2925 701 2969; x_wconf 79' lang='lat' dir='ltr'>Tom.</span> <span class='ocrx_word' id='word_1_296' title='bbox 731 2926 801 2970; x_wconf 82' lang='lat' dir='ltr'>VI.</span> <span class='ocrx_word' id='word_1_297' title='bbox 1220 2926 1277 2968; x_wconf 88' lang='grc'>10</span> 
     </span>
    </p>
   </div>
  </div>
 </body>
</html>
