1788 3111
206 122 291 168 298
544 115 769 158 Omenms
796 125 843 157 m
871 113 951 156 ΕΡ.
979 123 1039 155 An
1071 112 1294 156 Rommos

205 248 361 283 tutem,
402 243 442 274 et
481 231 534 274 ad
564 231 755 271 fructum
792 226 899 268 boni
944 226 1084 283 operis
1116 238 1434 277 convertantur,
1472 228 1627 280 gloria-

205 314 323 356 tione
356 309 480 361 digna
512 306 775 349 efficiuntur:
807 304 916 346 sicut
944 321 1137 354 rursum,
1179 304 1213 345 si
1243 306 1296 345 ad
1325 306 1487 346 malum
1519 322 1626 362 opus

207 389 496 436 conferantur,
524 396 570 426 ut
598 399 677 440 per
708 381 868 424 divitias
898 381 990 436 quis
1033 381 1250 437 opprimat
1288 398 1548 438 pauperem,
1586 395 1626 424 et

204 485 283 525 per
312 463 605 508 fortitudinem
634 469 875 516 prosternat
901 457 1133 508 infirmum,
1162 457 1246 513 jam
1274 475 1364 499 non
1400 459 1504 500 haec
1534 476 1625 501 me-

206 545 290 594 dia,
317 544 391 585 sed
419 542 531 582 mala
563 555 648 581 esse
675 546 892 594 putantur.
947 535 1114 577 Idcirco
1132 535 1259 588 igitur
1287 546 1437 576 natura
1465 535 1528 577 sui
1556 535 1624 576 iu-

205 619 445 664 differentia
486 629 525 659 et
563 616 703 657 media
746 614 966 662 dicuntur,
1007 613 1106 669 quia
1145 624 1185 653 et
1223 615 1276 654 ad
1314 614 1475 654 malum
1515 629 1624 668 opus

203 699 375 747 sociata,
404 697 516 737 mala
546 693 631 736 dici
659 703 849 747 possunt,
880 701 918 731 et
946 689 1070 732 bonis
1091 689 1293 746 operibus
1319 689 1476 746 juncta,
1505 690 1622 731 bona

205 774 423 833 appellari.
481 771 583 812 Sine
612 770 692 810 hac
720 785 819 810 vero
849 766 1128 809 inclinatione
1169 768 1223 807 ad
1254 767 1428 807 alterum
1462 783 1485 808 e
1515 768 1625 807 duo-

203 856 296 903 bus,
326 851 398 907 qui
430 866 475 891 ea
506 849 622 889 bona
656 846 822 894 dicunt,
859 843 1045 899 imperiti
1078 855 1117 884 et
1144 843 1281 895 ignari
1305 843 1624 885 rationabilium

204 929 499 972 definitionum
558 921 981 979 appellationumque
1037 920 1239 962 credendi
1273 933 1381 963 sunt.
1440 920 1627 962 Abusive

203 1019 346 1049 tamen
391 1016 430 1045 et
468 1004 637 1044 fabrum
687 998 866 1041 dicimus
905 1000 1159 1055 sapientem,
1215 1009 1256 1039 et
1294 998 1622 1050 gubernatorem

205 1095 246 1124 et
291 1081 586 1128 architectum,
637 1089 677 1118 et
705 1076 927 1118 mulierem
966 1076 1135 1117 texendi
1162 1074 1394 1131 sapientem
1425 1072 1625 1115 nomina-

203 1177 308 1202 mus.
389 1157 524 1211 Quod
575 1169 673 1205 ergo
705 1153 748 1194 in
794 1153 1004 1208 praesenti
1048 1152 1266 1207 capitulo·
1290 1152 1521 1206 Apostolus
1560 1149 1626 1191 di-

205 1238 283 1279 cit:
321 1233 505 1292 „quia¹)
551 1230 768 1272 tribulatio
811 1229 1056 1285 patientiam
1094 1233 1344 1285 operatur:“
1397 1228 1432 1268 si
1460 1228 1623 1282 patien—

202 1315 303 1356 tiam
348 1328 478 1354 unam
526 1324 612 1350 esse
650 1323 696 1347 ex
736 1306 866 1346 animi
904 1305 1126 1347 virtutibus
1174 1316 1361 1354 constat,
1404 1303 1622 1345 tribulatio

202 1392 292 1434 sine
344 1387 501 1436 dubio,
559 1400 667 1441 quae
716 1384 885 1425 virtutes
935 1382 1065 1423 animi
1121 1382 1252 1438 parit,
1305 1396 1446 1436 neque
1498 1379 1625 1429 mala,

202 1483 341 1523 neque
371 1465 633 1510 indifferens,
661 1463 734 1503 sed
764 1463 881 1502 bona
911 1461 1166 1516 appellanda
1198 1471 1266 1501 est.
1316 1456 1430 1513 In2)
1458 1468 1622 1497 tantum

205 1556 358 1593 autem,
387 1542 495 1583 sicut
521 1556 648 1596 supra
682 1538 873 1588 diximus,
904 1537 1106 1593 patientia
1124 1537 1252 1579 virtus
1283 1535 1414 1578 animi
1445 1534 1625 1575 dicenda

205 1634 276 1672 est,
305 1632 350 1661 ut
391 1635 471 1675 per
508 1617 752 1672 patientiam
793 1613 967 1670 dicat3)
1008 1615 1312 1670 probationem
1348 1611 1481 1654 nostri
1520 1610 1627 1660 fieri,

205 1712 244 1742 et
272 1715 350 1755 per
378 1695 678 1751 probationem
718 1710 837 1748 spem
869 1692 980 1734 dari:
1023 1704 1131 1745 quae
1168 1688 1314 1743 utique
1342 1689 1548 1744 quoniam
1577 1688 1621 1728 iu

205 1778 302 1819 Deo
333 1775 408 1817 sita
441 1783 525 1821 est,
557 1772 629 1826 qui
668 1770 866 1810 virtutum
909 1767 1103 1809 omnium
1134 1777 1254 1820 pater
1286 1777 1361 1817 est,
1399 1782 1490 1807 non
1523 1782 1626 1807 con-

204 1852 346 1896 fundit
373 1861 625 1908 sperantem.
685 1846 821 1888 Simul
853 1845 964 1886 enim
998 1860 1094 1884 cum
1114 1860 1188 1898 spe
1220 1853 1259 1882 et
1279 1843 1460 1884 caritatis
1489 1843 1625 1883 abun-

207 1929 392 1973 dantiam
423 1938 558 1974 tenet,
589 1940 696 1980 quae
726 1922 867 1979 primo
899 1924 1014 1971 loco,
1045 1921 1141 1976 quia
1172 1917 1339 1976 „major
1353 1919 1398 1974 4)
1430 1918 1624 1960 omnium

208 2019 266 2050 est
296 2005 497 2054 caritas,“
528 2001 705 2057 Spiritui
743 2001 980 2056 copulatur.
1042 1999 1176 2052 Quod
1207 1997 1238 2037 si
1271 1996 1362 2051 quis
1391 1995 1516 2037 nobis
1548 2011 1620 2036 oc-

208 2096 361 2132 currat,
394 2094 433 2123 et
463 2081 586 2127 dicat,
618 2078 806 2118 medium
840 2093 924 2118 esse
956 2088 995 2118 ct
1013 2075 1260 2117 indifferens
1290 2072 1625 2121 tribulationem,

208 2159 474 2219 quoniam5)
503 2156 675 2214 quidem
706 2155 943 2196 invenimus
971 2153 1095 2194 etiam
1126 2152 1261 2192 malos
1300 2161 1339 2190 et
1365 2149 1522 2205 impios
1553 2150 1625 2190 tri-

207 2237 359 2285 bulari,
390 2247 428 2276 et
456 2251 546 2275 non
579 2233 801 2281 continuo,
833 2232 930 2287 quia
962 2230 1220 2271 tribulantur
1256 2244 1336 2282 pro
1368 2227 1489 2268 malis
1519 2226 1617 2266 acti—

207 2318 287 2358 bus
318 2313 413 2362 suis,
443 2311 569 2352 virtus
600 2308 729 2352 :mimi
758 2308 973 2349 tribulatio
998 2324 1146 2348 eorum
1170 2306 1404 2360 reputanda
1425 2315 1503 2345 est:
1531 2302 1623 2342 vide.

332 2481 374 2536 Ι)
405 2479 530 2519 Rom.
565 2477 616 2526 V,
646 2478 684 2519 3.

325 2551 371 2605 ²)
403 2549 515 2589 Edisti
546 2547 604 2602 (v.
637 2563 670 2586 c.
700 2546 795 2586 cdd.
827 2544 930 2599 Μ.);
974 2544 1172 2595 „Interim
1213 2553 1375 2591 autem,
1415 2542 1520 2581 sicut
1558 2559 1622 2582 su-

210 2613 312 2668 pra“
344 2619 419 2648 cte.
449 2606 575 2646 Male.
608 2601 656 2643 R.

326 2678 371 2733 ³)
406 2677 529 2716 Rom.
561 2674 611 2723 V,
640 2674 677 2713 4.
709 2674 746 2714 5.

327 2747 372 2801 ⁴)
403 2746 415 2785 l
453 2744 553 2786 Cor.
582 2742 700 2792 Xlll,
722 2741 785 2784 13.

329 2817 374 2871 ⁵)
405 2816 507 2856 Msc.
547 2829 675 2853 unus:
723 2811 953 2866 „quoni-'nu
1006 2809 1177 2865 quidem
1224 2806 1457 2849 invenimus
1507 2818 1544 2847 et
1581 2806 1622 2846 in

214 2875 301 2917 aliis
332 2873 485 2928 impios
515 2868 746 2910 tribulari-‘⁴
779 2867 824 2907 R.
