1788 3111
213 124 298 168 186
553 122 774 164 OmGEsxs
801 135 848 164 m
877 123 955 164 ΕΡ.
986 133 1046 164 An
1080 122 1303 165 RomANos

213 236 465 292 „causati²)
505 235 618 277 enim
655 252 822 286 sumus,
860 235 1052 278 Judaeos
1092 247 1132 277 et·
1163 235 1351 279 Graecos
1383 253 1531 281 omnes
1559 239 1638 281 sub

211 326 390 371 peccato
423 318 566 357 esse:“
600 314 681 355 nisi
711 315 822 355 forte
859 312 916 354 ita
944 312 1249 365 intelligamus,
1290 313 1389 369 quia
1419 332 1508 356 non
1541 333 1639 358 cor-

212 392 419 448 poraliter
447 402 611 432 tantum
641 391 807 443 sanguis
839 390 1078 432 effunditur
1110 406 1285 440 corum,
1325 406 1510 446 quorum
1540 409 1638 434 cor-

211 487 320 526 pora
349 468 627 518 trucidantur,
657 469 731 510 sed
763 479 803 509 et
832 468 888 517 hi,
920 467 992 523 qui
1012 468 1205 522 quolibet
1223 468 1426 510 scandalo
1449 467 1636 511 animam

213 565 234 588 a
265 548 364 588 Deo
393 557 603 603 separant,
633 545 710 587 viri
740 544 995 597 sanguinum
1025 545 1317 586 nominantur.
1375 546 1494 588 Sicut
1523 546 1637 588 enim

211 623 427 664 homicida
459 622 614 663 dicitur
641 623 736 672 ille,
777 623 851 678 qui
881 639 1037 678 corpus
1067 623 1121 663 ab
1157 622 1299 664 :mima
1330 634 1517 678 separat,
1558 638 1636 677 per

210 718 339 757 quam
375 700 633 741 vivificatur:
682 701 739 742 ita
785 701 920 741 multo
963 699 1088 741 etiam
1128 699 1266 741 verius
1306 701 1378 742 ille
1417 700 1636 742 homicida

209 779 414 820 dicendus
448 789 518 827 est,
547 777 619 833 qui
651 778 837 819 animam
869 794 892 818 a
923 793 1020 818 vera
1049 776 1133 819 vita
1161 788 1340 833 separat,
1379 776 1546 833 quae2)
1578 789 1637 819 cst

209 856 340 896 Deus.
391 855 525 897 Pedes
550 866 689 895 autem
717 855 799 895 hoc
832 854 875 895 in
907 856 1006 896 loco
1041 853 1137 895 illos
1166 853 1363 906 intellige,
1395 855 1448 895 de
1480 855 1634 910 quibus

209 933 311 974 dicit
340 934 574 989 propheta:
614 930 795 987 „mei³)
835 943 974 973 autem
1005 947 1143 987 paene
1181 931 1291 972 moti
1319 943 1416 974 sunt
1445 933 1634 988 pedes:“

209 1009 293 1050 hoc
325 1021 403 1059 est,
443 1010 691 1059 consilium,
721 1026 806 1064 quo
840 1009 997 1061 agimus
1028 1009 1108 1049 iter
1137 1008 1257 1050 vitae.

320 1086 358 1127 5.
399 1085 646 1136 „Contritio
666 1085 710 1140 ⁴)
741 1098 780 1127 et
809 1085 1030 1128 infelicitas
1059 1087 1102 1128 in
1133 1087 1209 1128 viis
1238 1103 1408 1128 eorum:
1452 1098 1492 1128 et
1521 1086 1633 1129 viam

205 1163 322 1220 pacis
366 1181 459 1205 non
503 1168 844 1216 cognoverunt.“
920 1161 1237 1204 Contritionem
1283 1163 1352 1204 hic
1398 1163 1501 1205 dicit
1542 1180 1633 1204 non

205 1241 338 1291 illam,
370 1258 454 1297 qua
483 1242 653 1297 spiritus
684 1231 867 1296 peccatis
899 1240 1213 1280 contribulatur
1242 1256 1324 1295 pro
1355 1239 1634 1295 poenitentia,

204 1321 322 1359 unde
352 1318 508 1359 dicitur
530 1317 573 1359 in
600 1317 796 1360 Psalmis:
827 1333 930 1366 „cor
949 1315 993 1372 5)
1026 1316 1258 1358 contritum
1292 1327 1332 1357 et
1361 1315 1633 1358 humiliatum

205 1397 323 1438 Deus
354 1413 443 1436 non
474 1395 753 1451 spernit:“⁶)
782 1396 857 1436 sed
887 1394 1003 1435 illam
1038 1394 1141 1435 dicit
1180 1393 1508 1444 contritionem,
1546 1411 1631 1450 qua

205 1486 450 1530 peccatores
482 1474 685 1514 dicuntur
704 1474 747 1526 ⁷)
789 1484 1011 1514 conterere
1039 1470 1186 1529 jugum
1216 1471 1419 1521 Domini,
1460 1483 1499 1512 et
1526 1488 1632 1527 pro-

202 1552 331 1612 jicere
362 1570 382 1593 a
416 1550 648 1593 cervicibus
677 1549 772 1592 suis.
833 1548 1040 1591 Similiter
1070 1560 1109 1590 et
1138 1548 1514 1605 „infelicitas“,⁸)
1554 1549 1633 1599 vel,

204 1633 313 1674 sicut
345 1630 446 1671 alibi
475 1629 647 1679 legitur,
677 1627 843 1668 miseria
875 1627 1124 1683 accipienda
1157 1637 1227 1677 est,
1258 1643 1341 1681 qua
1371 1626 1499 1667 miser
1528 1627 1632 1667 esse-

206 1720 293 1749 ctus
310 1707 354 1762 ⁹)
388 1717 446 1747 est
475 1705 608 1745 homo
641 1716 678 1745 et
708 1704 865 1753 infelix,
899 1703 972 1759 qui
1000 1719 1124 1753 „cum
1145 1702 1215 1757 ¹⁰)
1245 1701 1289 1744 in
1322 1704 1489 1744 honore
1514 1714 1629 1752 esset,

203 1802 293 1826 non
315 1782 554 1830 intellexit“,
583 1783 657 1823 sed
689 1775 989 1836 „comparatus
1011 1791 1070 1820 est
1094 1778 1292 1836 jumentis
1318 1779 1629 1836 insipientibus,

205 1877 246 1903 ct
273 1861 418 1903 similis
449 1861 583 1900 factus
616 1869 674 1900 est
703 1857 790 1899 iis.“
847 1855 1017 1912 ,‚Et¹¹)
1048 1856 1156 1898 viam
1197 1858 1312 1913 pacis
1343 1875 1434 1899 non
1466 1874 1629 1909 cogno-

202 1944 392 1981 verunt.“
451 1937 537 1978 Pax
573 1947 718 1977 nostra
763 1934 952 1976 Christus
987 1945 1057 1976 est.
1117 1934 1198 1976 Via
1236 1951 1335 1988 ergo
1376 1936 1515 1991 pacis,
1560 1934 1626 1976 via

205 2016 362 2058 Christi
391 2027 461 2057 est.
521 2013 607 2054 Sed
639 2024 679 2054 et
706 2013 739 2054 si
770 2012 1041 2068 accipiamus,
1077 2013 1196 2069 quod
1228 2024 1493 2069 peccatores,
1524 2014 1628 2054 dum

323 2163 366 2220 ¹)
397 2162 524 2203 Rom.
556 2161 629 2210 Ill,
659 2161 697 2203 9.

317 2234 364 2289 ²)
395 2232 509 2274 Editi
540 2233 599 2288 (e.
629 2248 661 2272 c.
696 2232 791 2272 edd.
822 2230 931 2287 M.):
962 2229 1099 2286 „qui.“
1131 2229 1180 2271 R.

317 2304 364 2360 ³)
396 2305 550 2346 Psalm.
580 2302 774 2351 LXXIII,
804 2303 842 2344 2.
880 2299 1103 2358 (LXXII.)

318 2375 364 2431 ⁴)
396 2375 521 2417 Rom.
550 2373 625 2422 III,
655 2373 719 2416 16.
751 2373 817 2417 17.
847 2373 942 2414 coll.
972 2371 1127 2414 Psalm.
1157 2370 1276 2421 XIV,
1302 2370 1342 2414 3.
1373 2367 1538 2427 (XIII.)

319 2445 365 2499 ⁵)
396 2445 549 2486 Psalm.
581 2443 647 2492 LI,
678 2445 744 2485 17.

316 2514 364 2569 ⁶)
393 2515 472 2555 Ed.
504 2513 564 2553 Μ.
596 2512 656 2553 11:
687 2530 778 2554 non
808 2527 992 2568 spernes.

317 2584 364 2639 ⁷)
395 2585 553 2625 Jercm.
585 2583 637 2633 ll,
667 2584 733 2624 20.
767 2594 805 2623 ct
835 2583 885 2630 V,
915 2584 954 2625 5.

317 2656 363 2712 8)
400 2656 522 2695 Rom.
557 2653 630 2701 III,
662 2654 726 2696 16.
759 2653 854 2694 coll.
885 2652 1038 2693 Psalm.
1070 2650 1185 2700 XIV,
1214 2652 1253 2694 3.
1287 2649 1451 2706 (XIII.)

317 2726 361 2782 ⁹)
392 2726 503 2767 Edd.
536 2724 731 2764 Merlini:
764 2723 899 2764 homo
932 2724 1104 2764 effectus
1137 2733 1196 2763 est
1228 2732 1302 2762 etc.

295 2796 364 2849 ¹⁰)
396 2796 549 2837 Psalm.
581 2795 734 2844 XLIX,
764 2795 828 2836 12.
862 2805 901 2834 et
928 2794 995 2836 20.
1027 2791 1266 2849 (XLVIII.)

294 2866 364 2921 ¹¹)
396 2865 520 2907 Rom.
553 2866 625 2917 III,
656 2867 721 2909 17.
756 2866 850 2907 coll.
880 2863 1033 2906 Psalm.
1064 2863 1181 2912 XIV,
1208 2864 1246 2906 3.
1278 2863 1443 2919 (XIII.)
