1788 3111
511 95 955 139 Commnummonum
986 94 1079 135 Lm.
1107 94 1160 136 II.
1459 95 1544 139 103

125 210 264 268 sibi¹)
298 209 624 267 propensiorem
658 225 804 250 curam
835 225 915 264 pro
947 206 1032 257 his,
1069 207 1143 263 qui
1171 217 1374 263 pereunt,
1408 205 1543 248 inesse

125 289 216 345 ipse
255 288 470 330 Dominus
510 288 556 328 in
596 285 829 337 Evangelio
877 285 1080 334 ostendit,
1128 300 1226 324 cum
1275 281 1396 331 dicit,
1443 282 1542 338 quia

125 365 264 415 „venit
280 364 325 420 2)
356 365 466 406 filius
497 361 680 404 hominis
711 373 938 417 quaerere,
977 372 1017 402 et
1043 362 1224 409 salvare,
1257 361 1375 415 quod
1405 359 1542 415 perie-

125 447 229 483 rat.“
286 441 341 482 Et
369 441 524 482 iterum
556 439 676 482 dicit:
719 457 841 489 „non
861 439 905 495 3)
935 456 1028 481 sum
1058 437 1205 479 missus
1234 435 1314 477 nisi
1345 437 1399 476 ad
1431 452 1543 485 oves,

126 535 235 574 quae
262 520 492 575 perierunt,
525 518 678 558 domus
710 517 875 558 Israel.“
922 516 976 557 Et
996 514 1136 556 David
1168 513 1289 555 dicit:
1319 513 1478 562 „erravi
1496 512 1541 567 ⁴)

123 596 230 636 sicut
273 595 359 637 ovis
401 595 589 650 perdita,
640 593 807 649 require
846 610 1009 635 servum
1053 595 1222 633 tuum.“
1289 589 1375 631 Sed
1416 601 1455 630 et
1497 589 1542 630 in

124 671 356 723 Evangelio
390 670 676 726 drachma,⁵)
709 687 816 725 quae
845 670 1044 726 perierat,
1074 668 1278 709 mundata
1309 668 1442 708 domo
1476 666 1542 707 in-

123 747 289 788 venitur
331 764 352 789 a
393 747 594 788 muliere:
645 759 684 788 et
731 749 883 799 gaudet
921 758 1042 803 pater
1078 761 1207 801 super
1241 744 1331 785 filio
1372 742 1543 800 juniore

122 826 381 879 poenitente,
398 823 443 880 6)
475 825 548 880 qui
578 823 860 878 „mortuus⁷)
891 826 1049 872 suerat,
1083 835 1122 864 et
1150 821 1316 872 revixit3
1348 821 1543 877 perierat,

124 912 164 941 et
196 901 389 941 inventus
423 907 520 950 est‚“
551 902 681 952 magis
699 900 744 956 8)
776 918 903 956 quam
932 917 1061 956 super
1090 916 1156 948 eo,
1185 899 1257 955 qui
1285 915 1376 940 non
1405 897 1544 954 perie-

123 989 209 1026 rat,
239 994 319 1018 nec
350 978 542 1019 inventus
571 990 639 1020 est.
700 977 788 1031 Qui
817 976 961 1035 junior
990 978 1122 1027 filius,
1162 988 1209 1017 ut
1238 992 1314 1028 ego
1346 975 1544 1022 arbitror,

122 1054 246 1094 etiam
277 1055 413 1111 ipsam
443 1056 681 1096 naturalem
721 1054 807 1110 jam
845 1055 1068 1111 fugerat9)
1107 1056 1263 1106 legem:
1305 1053 1389 1094 hoc
1430 1051 1543 1093 enim

124 1131 291 1171 videtur
319 1131 503 1172 indicari
535 1132 579 1172 in
611 1149 686 1181 eo,
727 1134 844 1188 quod
876 1131 1154 1175 consumserit
1173 1131 1244 1187 ¹⁰)
1272 1141 1438 1186 partem
1467 1144 1545 1184 pa-

123 1219 270 1249 ternae
298 1209 569 1258 substantiae,
602 1226 709 1265 quae
741 1209 777 1250 ei
799 1210 809 1233 ¹
829 1209 869 1265 ¹)
901 1209 1184 1262 contingebat,
1212 1209 1393 1249 vivendo
1425 1208 1545 1247 luxu-

125 1285 249 1325 riose.
302 1285 388 1325 Sed
421 1296 460 1325 et
488 1286 532 1325 in
554 1285 777 1326 Ezechiele
806 1287 1016 1342 propheta
1039 1286 1280 1341 pastoribus
1301 1285 1547 1339 imputatur,

126 1363 245 1417 quod
285 1363 504 1403 infirmum
551 1378 641 1402 non
685 1362 1086 1418 colligaverint,¹²)
1129 1374 1168 1403 et
1206 1363 1325 1417 quod
1365 1360 1547 1415 perierat

123 1455 214 1479 non
247 1438 523 1493 quaesierint:
557 1450 595 1480 et
619 1451 717 1495 post
738 1457 872 1495 pauca
896 1439 985 1495 ipse
1002 1439 1217 1481 Dominus
1239 1438 1361 1479 dicit:
1392 1435 1543 1491 „et¹³)

125 1517 243 1569 quod
274 1516 420 1571 periit,
448 1515 606 1571 inquit,
645 1532 721 1568 ego
754 1516 1007 1571 requiram.“
1064 1516 1369 1556 Verumtamen
1399 1515 1545 1555 obser-

250 1646 294 1700 ¹)
329 1645 550 1687 Omittitur
579 1646 708 1696 „sibi“
739 1648 783 1688 in
817 1646 935 1688 editis
964 1649 1023 1703 (e.
1056 1664 1090 1688 c.
1120 1647 1166 1688 in
1198 1649 1293 1689 edd.
1325 1646 1426 1702 M..)

234 1717 281 1771 2)
311 1716 410 1758 Luc.
440 1716 559 1764 XIX,
592 1717 658 1759 10.
776 1718 821 1770 3)
853 1717 1003 1759 Matth.
1041 1718 1138 1768 XV,
1166 1718 1234 1761 24.

237 1786 284 1842 4)
315 1787 468 1828 Psalm.
500 1786 656 1837 CXIX,
687 1787 780 1831 176.
811 1787 1057 1844 (CXVIII.)

240 1857 285 1910 ⁵)
316 1857 387 1898 Sic
415 1857 521 1898 Msc.
551 1856 650 1908 Reg.
683 1875 800 1899 num.
834 1858 977 1907 1639„
1017 1871 1056 1899 et
1095 1858 1307 1900 Rabanus.
1377 1856 1544 1899 Caeteri

121 1930 222 2012 {eli-co
251 1913 352 2018 ἑνίΙέἶεζ
375 1925 438 2012 Set
478 1913 576 1955 editi
618 1912 675 1970 (e.
709 1931 742 1955 c.
779 1915 872 1955 edd.
904 1913 1012 1970 M.):
1051 1921 1228 1966 „mna.“
1268 1914 1318 1955 R.
1358 1939 1411 1946 —
1456 1913 1543 1954 Cfr.

239 2039 285 2092 ⁶)
314 2038 394 2080 Ed.
426 2039 487 2080 M.
519 2039 550 2080 Ι.
579 2041 710 2080 male:
741 2041 1042 2096 poenitentiae.
1145 2040 1190 2097 7)
1220 2042 1321 2083 Luc.
1350 2040 1446 2089 XV,
1474 2039 1543 2082 24.

239 2108 286 2163 8)
318 2108 626 2150 Desiderantur
661 2112 808 2152 verba:
852 2111 1007 2162 „magis
1032 2127 1160 2165 quam
1190 2128 1318 2166 super
1357 2126 1432 2159 eo,
1471 2109 1544 2164 qui

123 2181 215 2206 non
247 2164 450 2220 perierat,
489 2182 568 2206 nec
599 2166 789 2207 inventus
820 2172 931 2214 est,“
969 2167 1012 2207 in
1045 2179 1165 2208 antea
1197 2167 1316 2208 editis
1345 2169 1403 2221 (e.
1434 2183 1467 2206 c.
1497 2165 1540 2205 in

125 2222 221 2262 edd.
253 2221 352 2275 M),
386 2232 423 2261 et
452 2221 494 2262 in
527 2223 740 2277 plerisque
769 2222 892 2272 Mss.,
922 2239 1001 2264 nec
1031 2239 1123 2264 non
1154 2225 1269 2280 apud
1300 2222 1542 2270 Rabanum,

123 2278 196 2318 sed
227 2277 504 2318 restituuntur
536 2294 581 2318 ex
611 2280 779 2320 duobus
809 2278 907 2320 Mss.
938 2279 987 2319 R.

242 2347 286 2402 9)
320 2347 390 2388 Sic
424 2347 570 2389 Codex
600 2348 935 2398 Vallis-Clarae,
967 2361 1006 2390 et
1036 2351 1123 2390 duo
1154 2349 1285 2400 Regii.
1346 2347 1543 2390 Salodia-

122 2421 202 2445 nus
234 2421 315 2459 pro
358 2406 591 2454 „fugeram
630 2406 747 2456 legit:
787 2412 1063 2457 ‚‚suggerat“;
1101 2406 1252 2446 caeteri
1283 2406 1383 2446 editi
1413 2406 1472 2460 (e.
1507 2422 1539 2445 c.

126 2461 220 2500 edd.
251 2460 356 2514 M.):
398 2462 640 2511 ‚,{'regerat.“
701 2460 848 2503 Codex
886 2479 986 2504 vero
1017 2462 1313 2510 Ebroicensis,
1358 2474 1396 2503 et
1433 2478 1542 2503 unus

124 2515 300 2566 Regius:
331 2517 479 2566 „etiam
501 2518 635 2572 ipsam
659 2520 893 2559 naturalem
915 2517 999 2575 jam
1023 2521 1196 2574 adeptus
1214 2520 1352 2559 fuerat
1369 2520 1543 2569 legem.“

125 2571 345 2612 Rabanus:
397 2574 554 2621 „etiam
600 2574 690 2629 ipse
732 2576 967 2615 secundum
1006 2575 1242 2616 naturalem
1283 2573 1367 2631 jam
1407 2578 1543 2615 fuerat

124 2627 298 2689 {egemf‘
329 2628 377 2670 R.
403 2654 454 2660 ——
478 2629 590 2671 Edd.
614 2630 812 2673 Merlini:
846 2631 968 2673 etIam
992 2632 1129 2687 ipsam
1152 2633 1386 2673 naturalem
1405 2631 1539 2683 legem

124 2699 209 2738 lam
240 2684 428 2734 fregerat.

217 2752 289 2806 ¹⁰)
318 2753 397 2794 Ed.
427 2755 585 2797 Ruaei:
618 2757 856 2800 consumsit.
978 2757 1050 2813 Η)
1080 2758 1161 2799 Ed.
1191 2757 1348 2798 Ruaei:
1379 2772 1488 2799 eum.

218 2822 290 2877 ¹²)
320 2824 475 2866 Ezech.
504 2826 711 2878 XXXIV,
741 2827 778 2870 4.
900 2827 971 2883 ¹³)
1000 2827 1154 2870 Ezech.
1184 2828 1388 2878 XXXIV,
1414 2827 1480 2874 16.
