1788 3111
515 142 956 183 COMMENTAMORUM
984 139 1076 183 Lm.
1107 139 1140 181 I.
1481 138 1537 182 37

119 256 191 298 cit:
217 254 260 310 ¹)
299 255 432 312 „ut²)
471 254 682 305 integrum
720 268 876 308 corpus
914 251 1171 307 vestrum‚³)
1214 261 1253 292 et
1291 249 1453 300 anima,
1496 260 1536 291 et

115 332 282 388 spiritus
312 334 356 374 in
388 333 456 374 die
484 329 665 372 Domini
702 330 836 370 nostri
866 330 968 370 Jesu
1004 329 1161 371 Christi
1197 333 1420 370 servetur.“
1477 327 1535 368 Et

114 410 270 450 Daniel
293 409 412 450 dicit:
443 409 638 459 „laudate
653 406 698 462 ιιι)
727 407 909 462 spiritus,
940 417 979 447 et
999 406 1166 447 animae
1185 404 1410 462 justorum,
1437 405 1534 446 Do-

112 487 317 528 minum.“
386 486 617 542 Apostolus
660 500 759 536 ergo
809 484 968 538 ubique
1005 483 1199 538 spiritum
1242 484 1448 537 praefert,
1495 493 1535 524 et

112 564 310 619 repudiat
342 580 535 611 carnem,
572 563 637 602 vel
667 577 775 617 quae
805 561 939 601 carnis
968 572 1076 602 sunt.
1133 559 1334 615 Denique
1365 570 1405 600 et
1432 558 1534 610 legis

111 640 239 696 ipsius
268 640 462 696 spiritum
492 639 649 687 laudat,
677 638 844 678 literam
873 654 974 679 vero
997 649 1200 693 tanquam
1223 652 1394 678 carnem
1414 651 1532 691 sper-

110 717 185 766 nit,
217 734 314 759 cum
345 715 469 757 dicit:
509 715 712 769 „litera⁵)
752 716 931 764 occidit,
971 715 1140 771 spiritus
1172 731 1272 755 vero
1314 712 1532 755 vivificat.“

111 795 198 836 Sed
229 806 268 835 et
299 810 395 834 cum
427 791 547 833 dicit:
578 793 758 841 „etenim
779 791 825 848 6)
855 791 899 832 in
931 809 1016 848 quo
1042 792 1341 834 infirmabatur
1358 791 1423 831 lex
1453 806 1533 845 per

109 887 294 919 carnem,
325 870 442 910 Deus
473 869 630 910 Filium
662 886 783 910 suum
816 869 985 910 mittens
1014 868 1057 909 in
1088 868 1364 910 similitudine
1394 866 1532 909 carnis

109 947 330 1003 peccati;“
363 963 534 988 carnem
562 946 661 997 legis
691 946 780 988 sine
813 946 947 986 dubio
980 946 1143 987 literam
1173 945 1272 997 legis
1296 945 1408 986 dicit.
1446 942 1532 984 Per

106 1025 272 1066 literam
304 1040 492 1080 namque
520 1024 820 1065 infirmabatur
848 1024 933 1071 leX,
973 1034 1020 1063 ut
1056 1040 1147 1064 non
1177 1034 1321 1078 posset
1347 1021 1530 1077 impleri.

111 1101 217 1155 Quis
250 1100 363 1142 enim
406 1101 605 1157 impleret
633 1101 698 1140 vel
728 1101 782 1141 de
811 1101 1013 1149 sabbam,
1050 1101 1167 1156 quod
1203 1098 1408 1154 scriptum
1448 1109 1529 1140 est:

105 1178 284 1233 „non⁷)
314 1191 355 1220 te
385 1178 574 1220 movebis
607 1179 660 1218 de
689 1178 788 1218 loco
820 1189 894 1218 tuo
927 1176 975 1218 in
1006 1177 1074 1218 die
1101 1175 1443 1218 sabbatorum?“
1475 1202 1527 1208 —

109 1257 333 1312 quomodo
365 1256 478 1297 enim
518 1255 611 1297 fieri
641 1266 831 1311 poterat,
874 1266 921 1294 ut
959 1271 1001 1296 se
1041 1254 1190 1309 aliquis
1229 1254 1398 1310 penitus
1435 1270 1527 1295 non

105 1345 298 1374 moveret
329 1334 381 1373 de
418 1334 517 1373 loco
549 1349 626 1373 suo
659 1333 701 1371 in
734 1332 801 1371 die
830 1330 1137 1372 sabbatorum?
1175 1356 1228 1363 —-
1269 1333 1335 1372 vel
1374 1332 1427 1372 de
1465 1332 1527 1372 le·

107 1410 285 1464 gibusS)
316 1410 460 1464 leprae
489 1409 534 1449 in
561 1407 751 1455 stamine,
777 1409 840 1448 vel
872 1408 912 1448 in
946 1408 1127 1462 pariete,
1156 1410 1220 1448 vel
1250 1408 1295 1449 in
1324 1407 1526 1463 pellicula

107 1499 288 1535 exortae,
316 1485 414 1541 et9)
443 1486 579 1526 multa
610 1486 702 1533 alin,
731 1485 776 1525 in
807 1484 958 1539 quibus
981 1486 1216 1525 secundum
1237 1485 1402 1526 literam
1431 1495 1525 1526 tan-

107 1579 234 1617 quam
277 1564 511 1604 secundum
561 1578 730 1602 carnem
774 1562 987 1603 infirmata
1032 1574 1089 1603 est
1130 1560 1224 1602 lex?
1289 1561 1525 1617 Propterea

107 1656 205 1691 crgo
237 1640 468 1695 Apostolus
509 1639 630 1679 dicit:
670 1638 886 1694 ‚,quia¹⁰)
924 1639 989 1678 lex
1026 1638 1252 1694 spiritualis
1284 1643 1379 1679 est.“
1435 1637 1537 1691 Qui

102 1717 228 1769 igitur
255 1718 390 1768 legem
421 1715 615 1765 intelligit
644 1731 729 1755 esse
747 1715 759 1738 ¹
778 1715 819 1770 ι)
849 1715 1125 1772 spiritualem,
1159 1715 1228 1756 hic
1257 1714 1408 1770 spiritu
1437 1731 1525 1756 ser-

103 1795 160 1835 vit
189 1794 299 1834 Deo.
357 1792 487 1833 Unde
507 1792 576 1840 ¹²)
610 1804 648 1833 et
678 1793 776 1834 alias
803 1793 925 1834 dicit:
967 1791 1112 1847 „si¹3)
1145 1791 1258 1832 enim
1287 1793 1523 1833 secundum

103 1888 274 1913 carnem
305 1869 504 1921 vixeritis,
532 1870 820 1920 moriemini,“
857 1871 942 1911 hoc
973 1881 1051 1919 est,
1080 1870 1316 1910 secundum
1345 1869 1523 1919 literam,

224 1997 268 2053 ι)
297 1998 377 2038 Ed.
406 1996 467 2037 M.
496 1996 557 2037 II:
590 1996 656 2037 ait.
776 1995 872 2050 2)]
902 1995 1045 2036 Thess.
1076 1996 1129 2045 V,
1157 1995 1223 2037 23.

218 2066 264 2122 3)
294 2066 408 2107 Edd.
440 2066 635 2106 Merlini:
665 2078 873 2107 nostrum.

217 2136 264 2187 ⁴²)
295 2137 408 2176 Dan.
440 2136 541 2191 (sec.
573 2136 866 2176 Theodotion.
887 2134 988 2190 etc.)
1021 2136 1094 2183 III,
1123 2134 1191 2177 86.

221 2206 266 2262 5)
296 2206 335 2244 Il
370 2205 468 2245 Cor.
502 2205 574 2254 Ill,
605 2207 643 2254 6,
763 2203 808 2259 6)
841 2205 965 2245 Rom.
997 2204 1112 2254 VIII,
1138 2205 1178 2247 3.

220 2276 266 2331 7)
295 2276 431 2317 Exod.
463 2276 579 2325 XVI,
602 2276 667 2317 29.

217 2346 264 2402 Β)
294 2346 420 2387 Levit.
451 2346 566 2389 Xlll,
595 2345 789 2401 (inprim.
820 2361 923 2386 vers.
953 2345 1019 2388 48.
1049 2344 1187 2400 seqq.)

219 2416 264 2472 9)
294 2417 372 2457 Ed.
405 2416 454 2456 R.
494 2417 537 2456 in
572 2428 704 2456 textu:
749 2425 818 2465 „ct
856 2416 973 2456 mille
1014 2415 1134 2464 alia,“
1172 2414 1216 2455 in
1256 2415 1386 2456 notis:
1434 2416 1518 2465 „sie

103 2474 203 2515 Mss.
230 2473 436 2528 plerique.
496 2471 664 2514 Caeteri
694 2488 816 2522 vero,
856 2485 894 2514 et
929 2472 1029 2514 editi
1058 2470 1117 2527 (e.
1149 2488 1181 2512 c.
1213 2473 1309 2513 edd.
1335 2471 1441 2527 M.):
1472 2482 1518 2512 et

104 2528 248 2570 multa
281 2528 420 2568 alia.“

194 2598 265 2654 ¹⁰)
293 2599 420 2639 Rom.
452 2598 547 2647 VH,
576 2598 642 2642 14.

194 2670 206 2692 ¹
224 2667 266 2723 ι)
297 2668 576 2710 Desideratur
603 2673 740 2717 „esse“
767 2666 811 2708 in
844 2668 939 2708 edd.
968 2666 1155 2707 Merlini.

194 2737 266 2793 12)
295 2738 394 2779 Mss.
423 2738 643 2796 nonnulli,
678 2749 717 2778 ct
747 2737 846 2781 editi
879 2737 939 2792 (e.
969 2753 1003 2777 e.
1036 2737 1130 2778 edd.
1159 2735 1262 2791 Ma)
1293 2735 1447 2786 „Unde
1478 2747 1518 2776 et

106 2795 160 2836 ad
191 2794 295 2836 alios
328 2795 465 2835 dicit.“
502 2792 551 2833 R.

199 2862 268 2917 ¹3)
296 2863 422 2904 Rom.
454 2863 568 2913 VIII,
598 2864 661 2906 13.
