1788 3111
217 130 305 174 252
557 126 780 170 Omenms
807 139 855 170 m
885 126 963 171 Er.
991 137 1051 168 An
1083 125 1308 170 Romanos

217 258 405 299 poenam
437 242 738 283 tantummodo
772 239 932 294 effugit,
960 239 1062 281 fidei
1089 256 1191 281 vero
1229 239 1430 281 meritum
1449 240 1461 265 ¹
1471 239 1494 297 )
1522 257 1642 297 spem

217 319 561 376 repromissionis
603 329 835 375 exspectat:
884 328 925 358 et
973 329 1252 373 praeceptum
1288 317 1414 359 servis
1453 318 1643 374 ponitur,

217 398 324 439 fides
357 398 573 454 quaeritur
612 398 665 438 ab
707 395 862 437 amicis.
919 395 1007 437 Sed
1047 393 1122 435 etsi
1165 396 1400 436 secundum
1432 412 1502 447 ea,
1535 413 1643 453 quae

216 474 263 516 in
293 475 584 531 superioribus
606 473 890 523 disseruimus,
921 473 974 513 de
989 473 1080 525 lege
1097 471 1280 513 naturali
1295 472 1454 514 Paulus
1480 473 1642 530 haec2)

218 552 360 593 dicere
387 552 667 605 intelligatur,
698 568 790 592 non
824 550 902 591 erit
938 550 1200 591 contrarium
1240 550 1478 592 rationibus
1515 567 1641 606 supe-

216 629 304 671 rius
334 629 521 671 redditis.
591 628 795 684 Quamv1s
844 627 958 669 enim
1001 628 1068 668 lex
1110 639 1287 668 naturae
1333 630 1387 669 de
1432 629 1552 669 bono
1603 638 1645 668 et

215 708 332 749 malo
361 705 654 749 testimonium
683 707 835 748 reddat
852 705 1086 747 secundum
1111 703 1318 762 judicium
1349 705 1644 756 conscientiae,

215 797 362 825 tamen
392 783 472 836 legi
502 784 603 826 fidei
632 801 723 825 non
755 794 896 839 potest
927 782 1228 839 exaequari,³)
1262 800 1344 839 qua
1373 784 1471 825 Deo
1504 783 1640 825 credi-

216 862 278 902 dit
309 862 551 911 Abraham,
599 872 639 902 et
667 859 885 919 justificari
914 860 1089 911 meruit,
1137 873 1264 917 atque
1278 860 1324 916 4)
1368 860 1526 902 amicus
1555 858 1642 901 Dei

215 938 434 996 appellari.

329 1019 365 1061 4.
399 1017 533 1073 „Si⁵)
566 1016 678 1058 enim
710 1016 783 1072 qui
816 1032 863 1057 ex
893 1017 996 1071 lege,
1026 1017 1132 1074 hiss)
1173 1018 1375 1059 haeredes
1404 1027 1521 1066 sunt,
1555 1014 1639 1057 exi-

213 1096 360 1138 nanita
391 1107 452 1137 est
480 1095 599 1145 fides,
631 1093 730 1149 et⁷)
773 1107 969 1135 evacuata
1009 1106 1070 1136 est
1104 1095 1345 1150 promissio.
1402 1095 1487 1135 Lex
1529 1092 1643 1134 enim

213 1173 322 1215 :iram
353 1183 575 1228 operatur;
605 1171 681 1212 ubi
713 1183 855 1212 autem
884 1189 974 1212 non
1001 1183 1061 1213 est
1090 1173 1169 1224 lex,
1200 1189 1278 1213 nec
1298 1170 1642 1227 praevaricatio.“

215 1250 274 1301 Si,
305 1249 456 1305 inquit,
490 1265 581 1289 non
613 1265 661 1289 ex
691 1249 781 1301 lege
810 1247 1038 1304 promissio
1085 1250 1182 1290 data
1213 1261 1273 1290 est
1303 1249 1563 1298 Abrahamo,
1593 1260 1642 1289 ut

212 1329 359 1369 haeres
392 1337 497 1367 esset
527 1325 701 1376 mundi,
731 1326 805 1366 sed
834 1342 913 1381 per
956 1327 1109 1376 fidem,
1149 1342 1258 1382 quae
1288 1325 1325 1366 ei
1356 1327 1410 1367 ad
1438 1323 1642 1382 justitiam

212 1416 408 1462 reputata
438 1414 516 1453 est,
548 1419 812 1457 consequens
843 1402 933 1444 sine
964 1403 1097 1444 dubio
1131 1404 1233 1455 erit,
1263 1415 1312 1444 ut
1343 1415 1384 1445 et
1399 1404 1444 1459 ⁸)
1477 1421 1639 1454 omnes,

213 1483 287 1541 qui
318 1493 489 1539 sperant
517 1480 598 1522 sibi
628 1497 651 1521 a
681 1480 778 1521 Deo
809 1480 1012 1538 justitiam
1041 1482 1336 1537 reputandam,
1364 1499 1455 1523 non
1470 1499 1548 1538 per
1577 1482 1638 1523 le-

212 1579 320 1616 gem,
352 1561 427 1602 sed
454 1576 533 1615 per
562 1559 692 1598 fidem
723 1570 905 1614 sperent.
965 1560 1022 1600 Et
1050 1571 1098 1599 ut
1127 1561 1209 1600 hoc
1230 1559 1462 1601 evidentius
1496 1572 1636 1601 osten-

213 1641 344 1688 deret,
376 1636 560 1678 addidit:
592 1635 637 1685 si,
666 1634 818 1690 inquit,
849 1635 904 1685 hi,
938 1635 1010 1691 qui
1042 1652 1090 1676 ex
1119 1636 1211 1689 lege
1240 1649 1350 1687 sunt,
1379 1636 1459 1692 ipsi
1489 1639 1635 1678 haere-

212 1717 285 1757 des
318 1726 442 1756 erunt
480 1711 818 1768 repromissionis
857 1711 992 1762 illius,
1032 1729 1160 1768 quam
1200 1729 1279 1768 per
1314 1714 1443 1755 fidem
1482 1715 1639 1757 meruit

212 1793 444 1840 Abraham,
476 1789 746 1831 evacuabitur
774 1788 904 1839 illud,
947 1791 1064 1845 quod
1107 1806 1154 1830 ex
1184 1791 1270 1831 fide
1298 1789 1545 1847 justificatus
1578 1804 1638 1834 est

216 1871 455 1911 Abraham:
488 1884 585 1908 cum
617 1866 789 1922 utique,
821 1867 853 1908 si
886 1884 932 1908 ex
962 1867 1053 1920 lege
1081 1869 1224 1908 futura
1256 1879 1361 1909 esset
1390 1869 1638 1921 haereditas,

214 1945 454 2003 oportuerit
491 1957 531 1986 et
570 1945 789 1986 Abraham
827 1945 961 1998 legem
1000 1943 1117 2000 prius
1147 1944 1347 2001 implere,
1378 1958 1419 1987 et
1447 1946 1504 1988 ita
1535 1947 1634 1989 hae-

211 2024 434 2066 reditatem
464 2021 646 2080 justitiae
675 2022 926 2078 promereri.
972 2022 1029 2063 Et
1058 2034 1105 2062 ut
1125 2024 1320 2063 ostendat
1347 2024 1470 2065 nullo
1500 2025 1634 2066 modo

210 2104 295 2144 hoc
332 2101 391 2143 ita
426 2099 519 2142 fieri
559 2099 768 2157 potuisse,
809 2099 993 2156 dicit,⁹)
1039 2101 1157 2156 quod
1187 2100 1253 2142 lex
1281 2100 1389 2143 iram
1424 2114 1634 2158 operatur.

331 2263 374 2318 ¹)
406 2262 547 2304 Alias:
579 2260 840 2311 „meritam.“
868 2263 920 2303 R.

327 2334 375 2390 2)
404 2335 517 2375 Edd.
546 2332 742 2374 NIerlini:
774 2333 866 2373 hoc.

326 2403 374 2459 ³)
407 2402 521 2444 Alias
552 2404 612 2459 (v.
644 2419 676 2446 c.
706 2402 750 2443 in
772 2404 867 2444 edd.
884 2401 992 2459 Μ)
1023 2401 1290 2460 „adaequari,
1322 2401 1446 2460 quia“
1476 2414 1549 2444 etc.
1580 2403 1629 2443 R*

327 2472 373 2528 ⁴)
404 2473 553 2513 Jacob.
587 2472 638 2521 Il,
668 2474 736 2515 23.

329 2544 374 2600 5)
403 2545 530 2585 Rom.
562 2542 634 2592 IV,
666 2542 731 2583 14.
762 2542 828 2584 15.

327 2614 373 2669 5)
406 2615 538 2655 Deest
569 2614 611 2655 in
644 2626 766 2655 antea
798 2615 917 2657 editis
951 2615 1010 2671 (e.
1043 2632 1077 2658 c.
1106 2616 1188 2656 hoc
1219 2614 1338 2665 loco,
1370 2615 1432 2655 cfr
1463 2631 1503 2670 p.
1534 2614 1630 2658 253.

212 2684 299 2714 not.
329 2671 367 2712 4.
397 2672 440 2712 in
473 2671 567 2714 edd.
598 2671 682 2728 M.)
713 2671 823 2721 ,‚bi.“
852 2673 904 2713 R.

330 2742 377 2798 ⁷)
408 2742 543 2784 Alias:
574 2753 642 2792 „et
675 2741 874 2782 abolita.“
902 2743 953 2783 R.
986 2766 1038 2774 —-
1068 2738 1181 2784 Edd.
1211 2742 1273 2782 M.
1303 2743 1384 2782 hoc
1415 2742 1527 2792 loco,
1557 2742 1632 2782 csr.

213 2817 256 2857 p.
289 2800 389 2843 253.
431 2811 520 2841 not.
550 2801 603 2849 4.,
636 2797 817 2840 abolita
851 2799 1005 2840 omisso
1038 2809 1093 2840 et.

328 2870 376 2925 ⁸)
407 2870 539 2911 Deest
568 2874 662 2920 „el“
706 2869 750 2911 in
782 2870 878 2911 cdd.
909 2870 970 2911 Μ.
1089 2870 1134 2924 ⁹)
1164 2870 1289 2910 Rom.
1321 2869 1393 2918 IV,
1423 2868 1490 2910 15.
