1788 3111
227 111 316 156 234
576 106 803 150 OmGEms
833 120 881 150 m
909 107 989 149 Ep,
1021 116 1081 147 An
1113 104 1346 148 RomA‘Nos

226 235 287 267 est
312 236 507 273 noscere,
534 221 688 278 ipse¹)
725 220 939 278 pervidet,
974 220 1009 262 si
1038 219 1082 260 in
1115 234 1380 274 unoquoque
1408 217 1510 260 fidei
1539 219 1663 261 habi-

224 312 285 344 tat
314 300 464 357 aliquis
495 300 697 341 affectus:
728 310 768 340 et
797 299 920 348 ideo,
951 297 1023 354 qui
1061 314 1108 338 ex
1138 297 1225 338 fide
1254 295 1516 352 justificatur,
1545 298 1662 354 apud

225 381 367 423 solum
406 377 554 419 Deum
591 377 721 417 habet
760 374 965 429 gloriam,
994 374 1067 431 qui
1102 375 1372 415 occultorum
1401 373 1597 416 notitiam
1613 374 1661 430 ²)

225 458 368 507 habet,
398 467 441 497 et
469 454 572 497 fidei
601 455 718 496 solus
747 452 967 508 inspector
999 463 1069 494 est.
1127 451 1259 503 Igitur
1297 464 1337 493 et
1353 451 1399 506 3)
1429 453 1662 503 Abraham,

225 535 261 578 si
290 551 338 576 ex
357 533 574 590 operibus,
601 529 815 587 inquit,4)
843 529 1091 587 justificatus
1109 540 1179 579 est,
1209 530 1338 570 habet
1365 528 1537 584 quidem
1570 531 1659 581 glo-

225 614 334 654 riam
366 627 413 652 ex
445 609 650 666 operibus
686 607 949 657 venientem,
985 608 1060 649 sed
1096 624 1188 648 non
1218 607 1357 656 illam,
1397 623 1506 662 quae
1544 610 1658 663 apud

223 691 366 733 solum
383 689 427 745 5)
457 688 605 729 Deum
637 698 715 729 est:
745 698 787 727 at
802 683 847 741 6)
881 696 1044 726 certum
1077 696 1160 734 est,
1189 685 1409 725 Abraham
1441 685 1557 739 apud
1591 701 1660 726 so-

224 769 316 810 lum
345 767 492 808 Deum
522 765 682 806 habere
712 762 914 815 gloriam:
960 778 1228 818 consequens
1259 779 1357 815 ergo
1390 773 1460 811 est,
1490 773 1537 802 ut
1566 779 1656 803 non

227 862 274 888 ex
307 845 526 902 operibus,
554 843 628 885 sed
660 857 708 882 ex
739 841 826 881 fide
862 838 1110 896 justificatus
1147 839 1209 882 sit.
1267 840 1368 881 Non
1410 851 1550 881 autem
1579 857 1659 896 pu-

226 935 300 973 tes,
331 923 476 978 quod,
511 921 544 962 si
576 920 667 976 quis
699 919 852 960 habeat
881 917 1010 958 talem
1039 916 1184 966 fidem,
1218 933 1265 957 ex
1300 934 1383 972 qua
1413 906 1662 974 jtlstificintus

226 1000 383 1042 habeat
412 999 593 1051 gloriam
625 998 741 1054 apud
769 996 929 1045 Deum,
958 994 1094 1050 possit
1119 993 1246 1036 simul
1284 1011 1382 1035 cum
1418 1011 1466 1035 ea
1504 994 1664 1035 habere

227 1089 268 1120 et
303 1076 566 1133 injustitiam.
636 1072 834 1128 Nulla7)
875 1072 987 1113 enim
1023 1088 1122 1127 pars
1161 1082 1221 1112 est
1258 1071 1358 1112 fidei
1395 1071 1522 1113 simul
1565 1088 1663 1112 cum

225 1155 492 1205 infidelitate,
522 1154 641 1195 nulla
673 1150 856 1208 justitiae
886 1166 984 1191 cum
1014 1148 1238 1204 iniquitate
1262 1148 1528 1198 communio,
1557 1148 1666 1189 sicut

227 1251 309 1276 nee
353 1232 441 1274 luci
493 1247 592 1272 cum
639 1228 826 1270 tenebris
872 1216 1014 1283 potest
1054 1242 1140 1267 esse
1179 1225 1370 1267 societas.
1458 1225 1505 1266 Si
1552 1226 1664 1266 enim

229 1309 393 1367 „qui3)
434 1308 582 1357 credit,
615 1307 734 1363 quod
764 1306 887 1347 Jesus
906 1315 966 1346 est
991 1302 1196 1353 Christus,
1227 1319 1274 1343 ex
1303 1303 1401 1344 Deo
1423 1314 1546 1344 natus
1566 1307 1663 1352 est,“

229 1401 269 1431 et
307 1386 409 1444 „qui
449 1402 498 1427 ex
528 1385 627 1425 Deo
666 1395 789 1425 natus
822 1394 893 1432 est,
931 1399 1023 1423 non
1056 1386 1255 1438 peecat:“
1284 1380 1557 1422 manifestum
1592 1391 1663 1430 est,

228 1467 342 1523 quia,
373 1464 447 1520 qui
479 1462 614 1505 credit
643 1461 746 1503 Jesu
778 1459 972 1511 Christo,
1009 1476 1100 1501 non
1130 1470 1303 1515 peceat:
1342 1459 1462 1512 quod
1500 1457 1534 1498 si
1564 1475 1665 1514 pec-

229 1557 307 1595 cat,
339 1555 505 1585 certum
536 1551 618 1590 est,
658 1539 758 1595 quia
797 1555 891 1579 non
930 1539 1062 1579 credit
1095 1537 1142 1580 ci.
1200 1535 1413 1577 Indicium
1439 1535 1566 1588 igitur
1595 1553 1664 1577 ve-

226 1619 363 1677 rae9)
394 1618 499 1660 fidei
529 1630 610 1668 est,
650 1616 727 1658 ubi
760 1634 854 1658 non
893 1615 1175 1670 delinquitur,
1213 1614 1409 1668 sicut¹⁰)
1448 1631 1471 1654 e
1502 1624 1668 1662 contra,

228 1699 305 1741 ubi
336 1696 612 1752 delinquitur,
640 1694 898 1738 infidelitatis
925 1693 1134 1734 indicium
1167 1704 1240 1734 est.
1297 1692 1532 1747 Propterea
1563 1707 1663 1742 ergo

508 1823 571 1830 .--

353 1881 397 1937 ¹)
430 1879 503 1921 Sic
532 1877 635 1921 ῘΜεε.
669 1888 708 1917 et
737 1876 952 1918 Rabanus.
996 1875 1113 1917 Editi
1139 1892 1238 1916 vero
1270 1877 1329 1929 (v.
1362 1893 1394 1915 c.
1429 1877 1524 1916 edd.
1557 1874 1663 1922 Μ.);

233 1937 493 2039 ,ἐὲῗίζεὶηἰὲι
524 1934 747 1993 praevidet
776 1933 868 1989 quis
899 1933 943 1974 in
982 1949 1252 1989 unoquoque
1281 1932 1381 1974 fidei
1412 1931 1573 1972 habitat
1603 1934 1663 1971 as—

348 2066 396 2120 2)
427 2065 600 2106 Desunt
636 2063 681 2104 in
723 2074 843 2103 antea
887 2061 1004 2104 editis
1043 2061 1102 2118 (e.
1134 2079 1167 2103 c.
1197 2062 1242 2103 in
1274 2063 1370 2103 edd.
1399 2058 1486 2116 M.)
1516 2060 1666 2101 verba:

232 2124 456 2177 „notitiam
487 2122 656 2163 hal›et.“
687 2118 736 2159 R.

350 2194 399 2250 3)
429 2194 560 2234 Deest
591 2196 682 2241 ‚‚et“
713 2190 757 2231 in
789 2191 884 2231 edd.
916 2188 977 2230 Μ.

348 2264 398 2319 4)
430 2264 556 2304 Rom.
586 2262 661 2312 1V,
688 2263 728 2304 2.

347 2335 394 2390 5)
424 2334 475 2374 In
506 2332 626 2374 editis
655 2332 717 2388 (v.
739 2331 830 2373 c.in
853 2332 950 2372 edd.
968 2330 1052 2386 M.)
1074 2329 1355 2372 desideratur:
1385 2329 1590 2378 „solu¹n.“
1619 2326 1663 2365 R.

350 2405 401 2462 ⁶)
431 2405 512 2446 Ed.
541 2402 604 2443 Μ.
637 2403 668 2443 Ι.
700 2403 834 2443 male:
857 2403 969 2452 „Aut
997 2413 1162 2442 rectum
1189 2404 1273 2442 est“
1303 2410 1394 2449 etc„
1426 2398 1492 2439 ed.
1517 2396 1578 2437 M.
1602 2397 1664 2437 ΙΙ;

235 2475 425 2518 „certum
459 2471 600 2501 autem
631 2464 717 2501 estf‘
749 2471 824 2500 etc.

352 2533 402 2590 ⁷)
432 2532 471 2572 II
503 2530 603 2571 Cor.
635 2530 710 2578 VI,
740 2529 804 2574 14.
836 2530 900 2571 15.

352 2604 402 2661 8)
432 2603 451 2643 Ι
480 2603 638 2644 Joann.
670 2600 722 2649 V,
752 2598 933 2642 1.——18.

357 2676 405 2730 9)
434 2674 546 2716 Edd.
577 2670 778 2713 Merlini:
807 2670 908 2711 fidei
942 2685 1064 2709 verae
1092 2680 1160 2708 cst.

331 2747 405 2800 ¹⁰)
437 2746 508 2786 Sic
547 2742 651 2784 edit-i
690 2742 749 2797 (v,
796 2757 829 2780 c.
870 2741 963 2781 edd.
1006 2738 1105 2792 M),
1146 2748 1183 2777 et
1224 2736 1320 2777 Mss.
1357 2736 1504 2776 nostri.
1561 2734 1666 2774 Nise.

240 2818 384 2846 tamen
414 2818 522 2843 unus
552 2816 635 2856 pro
675 2800 737 2840 his
776 2797 910 2839 verbis
951 2796 1097 2837 habet:
1137 2792 1421 2845 „infidelitatis
1460 2790 1663 2833 indicium

242 2873 301 2902 est
333 2859 407 2903 ubi
437 2861 682 2913 peccatur.“
716 2854 763 2896 1'1.

232 1827 341 1834 .-.--.
