1788 3111
535 90 974 134 Commnxmmonum
1003 87 1093 129 Lm.
1124 87 1198 129 ΙΙΙ.
1500 86 1582 131 197

162 222 241 246 nec
271 203 331 245 illi
365 203 536 260 quidem
559 201 746 244 invenire
776 199 937 256 aliquid
955 211 1172 256 poterunt,
1203 198 1439 255 quomodo,
1471 214 1580 254 quae

163 281 354 338 superius
395 282 504 322 dicta
543 291 662 328 sunt,
704 280 758 319 ad
786 279 920 320 Mosis
950 277 1112 333 potius,
1153 293 1281 332 quam
1319 278 1374 317 ad
1403 287 1580 317 naturae

162 361 298 412 legem
329 359 534 415 respicere
563 356 806 397 videantur:
841 367 881 396 et
909 355 1007 396 ideo
1039 354 1146 396 sicut
1177 354 1259 395 illis
1297 370 1387 395 non
1417 352 1576 394 idcirco

161 436 307 492 priora
338 438 520 485 stabunt,
549 433 648 489 quia
678 432 876 473 videntur
903 431 1140 488 posteriora
1172 442 1378 480 constare,
1412 429 1468 470 ita
1498 446 1578 470 nec

160 513 286 554 nobis
318 514 488 569 quidem
510 522 714 566 poterunt
736 509 874 565 prima
903 509 1078 558 turbari,
1109 508 1142 550 si
1167 508 1351 549 secunda
1381 523 1472 547 non
1502 522 1575 547 eo—

161 592 259 631 dem
290 606 458 631 currere
494 588 662 630 tramite
703 587 936 629 videantur.
996 586 1115 641 Quid
1154 583 1309 638 igitur?
1352 582 1576 624 Contraria

159 667 238 707 sibi
278 666 460 707 scribere
499 665 686 706 dicemus
727 664 1018 721 Apostolum?
1077 663 1135 705 Et
1173 663 1275 702 haec
1307 660 1385 702 erit
1424 659 1575 713 egregii

159 742 438 799 explanatoris
484 741 677 784 assertio!
739 742 872 797 Quod
911 741 1102 782 accidere
1139 739 1221 781 illis
1259 739 1388 788 solet,
1427 736 1500 793 qui
1529 736 1575 776 in

158 821 341 862 diversos
371 832 579 861 sectarum
619 836 762 860 sensus
793 836 928 859 unum
958 818 1059 859 fidei
1096 818 1250 870 dogma
1290 815 1574 870 disrumpunt,

157 909 198 937 et
226 897 299 938 illa
327 909 493 938 tantum
524 899 577 938 de
608 896 839 952 Scripturis
877 894 1027 937 divinis
1066 893 1308 936 testimonia
1339 892 1573 947 explorant,

156 974 309 1030 quibus
339 974 565 1030 proprium
596 976 750 1027 dogma
781 972 1058 1022 constituant,
1090 988 1234 1012 earum
1268 986 1380 1019 vero,
1412 984 1521 1024 quae
1551 983 1575 1007 e

154 1052 319 1093 diverso
349 1051 544 1102 veniunt,
585 1051 830 1108 Scripturae
869 1050 1036 1091 divinae
1065 1047 1369 1091 sententiarum
1398 1045 1570 1086 absolu-

151 1129 287 1170 tiones
317 1146 372 1170 ne
403 1141 612 1179 extremo,
662 1128 770 1184 ut¹)
811 1127 924 1184 ait2)
964 1126 1202 1176 Dominus,
1241 1124 1371 1178 digito
1403 1121 1571 1164 contin—

152 1217 267 1258 gunt.
328 1207 414 1248 Sed
454 1206 526 1260 qui
565 1204 748 1245 fideliter
787 1217 827 1246 et
856 1205 1016 1257 integre
1053 1219 1271 1245 sacrorum
1301 1198 1571 1241 voluminum

154 1282 314 1334 colligit
344 1298 534 1332 sensum,
576 1282 703 1322 debet
735 1283 978 1330 ostendere,
1018 1280 1239 1336 quomodo
1273 1294 1337 1328 ea,
1371 1292 1479 1332 quae
1508 1274 1570 1314 vi-

152 1360 308 1399 dentur
339 1374 425 1398 esse
455 1357 677 1407 contraria,
707 1374 799 1398 non
830 1370 927 1398 sunt
956 1374 1051 1398 vere
1082 1355 1304 1397 contraria.
1363 1350 1568 1394 Tentabi-

150 1452 245 1475 mus
278 1451 375 1486 ergo
415 1433 540 1475 etiam
582 1434 626 1474 in
665 1435 875 1489 praesenti
913 1435 1011 1475 loco
1056 1434 1297 1481 ostendere,
1345 1429 1567 1486 quomodo

149 1510 285 1566 priori
316 1510 569 1565 expositioni
597 1523 768 1552 nostrae
799 1512 903 1553 haec
940 1512 1201 1566 subsequens
1229 1525 1320 1549 non
1349 1516 1567 1562 repugnet.

149 1589 286 1643 Saepe
319 1586 519 1636 diximus,
566 1598 606 1626 et
645 1586 875 1627 evidentius
922 1587 966 1627 in
1011 1585 1337 1642 praefatione3)
1375 1583 1567 1632 diximus,

148 1665 267 1720 quod
306 1663 363 1704 ita
395 1664 627 1719 Apostolus
666 1663 711 1704 in
754 1665 832 1704 hac
864 1664 1041 1720 epistola
1069 1663 1303 1704 multarum
1331 1661 1474 1713 legum
1503 1660 1566 1699 fa-

148 1741 228 1783 ciat
257 1740 543 1789 mentionem,
583 1752 631 1780 ut
670 1757 768 1781 cum
800 1742 853 1782 de
891 1758 977 1782 una
1008 1742 1062 1781 ad
1092 1741 1268 1781 alteram
1299 1736 1458 1786 transit,
1490 1726 1564 1777 de-

143 1817 352 1875 prehendi
381 1817 462 1859 nisi
493 1819 544 1858 ab
574 1817 738 1858 intento
771 1818 866 1859 satis
903 1818 1064 1859 lectore
1094 1816 1161 1858 vix
1188 1815 1333 1872 possit.
1389 1814 1566 1856 Dixerat

144 1896 189 1936 in
219 1894 531 1951 superioribus,
571 1895 669 1950 quia
699 1895 861 1950 ,‚per4)
909 1896 1044 1948 legem
1075 1892 1230 1947 agnitio
1262 1891 1424 1948 peccati
1455 1895 1564 1931 est:“

146 1983 187 2013 et
218 1972 315 2027 quia
347 1971 474 2012 sensit
503 1972 688 2029 posse5)
720 1972 876 2013 scilicet
894 1970 1164 2027 responderi:
1199 1986 1296 2023 ergo
1329 1969 1362 2009 si
1394 1984 1442 2008 ex
1472 1968 1564 2019 lege

143 2047 327 2088 naturali
356 2047 511 2100 agnitio
542 2048 704 2103 peccati
734 2060 812 2097 est,
843 2060 984 2104 potest
1015 2065 1062 2088 ex
1098 2047 1188 2103 ipsa
1217 2058 1257 2086 et
1287 2043 1443 2097 agnitio
1477 2060 1564 2084 esse

144 2124 348 2181 justitiae,
388 2125 622 2165 secundum
652 2124 770 2165 illam
799 2125 977 2175 scilicet,
1014 2140 1142 2180 quam
1170 2139 1297 2178 supra
1325 2119 1563 2162 medicinae

144 2200 243 2241 artis
290 2199 517 2252 imaginem
555 2201 768 2242 dedimus:
823 2213 871 2241 ut
918 2201 1283 2256 quemadmodum
1322 2216 1400 2254 per
1442 2197 1559 2238 illam

141 2279 323 2330 languor
353 2277 603 2330 agnoscitur,
634 2289 681 2319 ut
709 2277 861 2319 sanitas
891 2276 1140 2328 inveniatur,
1168 2277 1225 2318 ita
1249 2276 1374 2318 etiam
1396 2292 1473 2332 per
1496 2275 1556 2315 le-

258 2409 299 2464 ¹)
332 2410 443 2450 Edd.
474 2409 669 2451 Merlini:
701 2423 749 2451 ut
778 2409 910 2468 ajunt,
942 2410 1072 2464 digito
1105 2421 1181 2451 etc.

254 2479 301 2534 2>
331 2481 482 2521 Matth.
514 2481 677 2531 XXIII,
709 2481 747 2522 4.

255 2550 302 2602 ³)
335 2550 420 2592 Cfr.
453 2550 582 2591 Tomi
613 2549 700 2607 huj.
731 2568 822 2607 pag.
855 2552 893 2594 6.
925 2551 996 2594 lin.
1027 2551 1066 2593 4.
1097 2567 1188 2606 sqq.

254 2617 300 2674 ⁴²)
328 2619 454 2662 Rom.
483 2621 559 2669 III,
589 2621 655 2661 20.
687 2622 781 2664 coll.
810 2639 850 2676 p.
883 2622 976 2665 195.
1004 2632 1095 2662 not.
1127 2622 1166 2663 5.
1206 2632 1246 2660 et
1275 2621 1314 2662 6.

258 2688 303 2742 ⁵)
332 2688 444 2730 Edd.
474 2689 669 2730 Merlini:
711 2690 940 2746 „possibile
979 2689 1269 2746 responderi.“
1326 2686 1552 2744 Equidem,

144 2742 318 2839 agli-“tp-
350 2745 444 2790 198.
474 2746 546 2787 lin.
576 2751 616 2791 2.
648 2749 701 2789 ab
731 2747 833 2798 init,
864 2747 1058 2802 legerim:
1086 2763 1238 2803 „posse
1267 2745 1348 2788 sibi
1374 2761 1550 2800 respon—
