<?xml version="1.0" encoding="UTF-8"?>
<!DOCTYPE html PUBLIC "-//W3C//DTD XHTML 1.0 Transitional//EN"
    "http://www.w3.org/TR/xhtml1/DTD/xhtml1-transitional.dtd">
<html xmlns="http://www.w3.org/1999/xhtml" xml:lang="en" lang="en">
 <head>
  <title>
</title>
<meta http-equiv="Content-Type" content="text/html;charset=utf-8" />
  <meta name='ocr-system' content='tesseract 3.04.00' />
  <meta name='ocr-capabilities' content='ocr_page ocr_carea ocr_par ocr_line ocrx_word'/>
</head>
<body>
  <div class='ocr_page' id='page_1' title='image "./operaomniaquaegr06orig/operaomniaquaegr06orig_0110.png"; bbox 0 0 1788 3111; ppageno 0'>
   <div class='ocr_carea' id='block_1_1' title="bbox 225 108 1314 159">
    <p class='ocr_par' dir='ltr' id='par_1_1' title="bbox 225 108 1314 159">
     <span class='ocr_line' id='line_1_1' title="bbox 225 108 1314 159; baseline -0.008 0"><span class='ocrx_word' id='word_1_1' title='bbox 225 115 285 159; x_wconf 83' lang='lat'><strong>98</strong></span> <span class='ocrx_word' id='word_1_2' title='bbox 562 111 785 155; x_wconf 71' lang='lat' dir='ltr'><strong>Omessms</strong></span> <span class='ocrx_word' id='word_1_3' title='bbox 813 123 860 154; x_wconf 80' lang='lat' dir='ltr'><strong>m</strong></span> <span class='ocrx_word' id='word_1_4' title='bbox 889 109 968 153; x_wconf 77' lang='grc' dir='ltr'><strong>ΕΡ.</strong></span> <span class='ocrx_word' id='word_1_5' title='bbox 996 120 1057 152; x_wconf 77' lang='lat' dir='ltr'><strong>An</strong></span> <span class='ocrx_word' id='word_1_6' title='bbox 1087 108 1314 152; x_wconf 67' lang='lat' dir='ltr'><strong>Rommos</strong></span> 
     </span>
    </p>
   </div>
   <div class='ocr_carea' id='block_1_2' title="bbox 221 219 1658 1979">
    <p class='ocr_par' dir='ltr' id='par_1_2' title="bbox 221 219 1658 1979">
     <span class='ocr_line' id='line_1_2' title="bbox 231 219 1655 283; baseline -0.006 -13"><span class='ocrx_word' id='word_1_7' title='bbox 231 241 272 271; x_wconf 89' lang='lat' dir='ltr'><strong>et</strong></span> <span class='ocrx_word' id='word_1_8' title='bbox 300 228 457 278; x_wconf 84' lang='lat' dir='ltr'><strong>honor,</strong></span> <span class='ocrx_word' id='word_1_9' title='bbox 487 237 527 269; x_wconf 84' lang='lat' dir='ltr'><strong>et</strong></span> <span class='ocrx_word' id='word_1_10' title='bbox 554 243 638 283; x_wconf 87' lang='lat' dir='ltr'><strong>pax</strong></span> <span class='ocrx_word' id='word_1_11' title='bbox 669 223 790 267; x_wconf 85' lang='lat' dir='ltr'><strong>omni</strong></span> <span class='ocrx_word' id='word_1_12' title='bbox 821 223 1016 282; x_wconf 85' lang='lat' dir='ltr'><strong>operanti</strong></span> <span class='ocrx_word' id='word_1_13' title='bbox 1044 224 1234 272; x_wconf 88' lang='lat' dir='ltr'><strong>bonum,</strong></span> <span class='ocrx_word' id='word_1_14' title='bbox 1263 221 1433 263; x_wconf 84' lang='lat' dir='ltr'><strong>Judaeo</strong></span> <span class='ocrx_word' id='word_1_15' title='bbox 1463 219 1655 277; x_wconf 87' lang='lat' dir='ltr'><strong>primum</strong></span> 
     </span>
     <span class='ocr_line' id='line_1_3' title="bbox 229 298 1657 358; baseline -0.006 -11"><span class='ocrx_word' id='word_1_16' title='bbox 229 318 270 348; x_wconf 84' lang='lat' dir='ltr'><strong>et</strong></span> <span class='ocrx_word' id='word_1_17' title='bbox 301 305 510 347; x_wconf 88' lang='lat' dir='ltr'><strong>Graec0.“</strong></span> <span class='ocrx_word' id='word_1_18' title='bbox 570 303 719 358; x_wconf 87' lang='lat' dir='ltr'><strong>Quod,</strong></span> <span class='ocrx_word' id='word_1_19' title='bbox 749 313 796 343; x_wconf 88' lang='lat' dir='ltr'><strong>ut</strong></span> <span class='ocrx_word' id='word_1_20' title='bbox 827 317 904 353; x_wconf 85' lang='lat' dir='ltr'><strong>ego</strong></span> <span class='ocrx_word' id='word_1_21' title='bbox 937 317 1091 357; x_wconf 81' lang='lat' dir='ltr'>capere</span> <span class='ocrx_word' id='word_1_22' title='bbox 1119 317 1309 357; x_wconf 88' lang='lat' dir='ltr'><strong>possum,</strong></span> <span class='ocrx_word' id='word_1_23' title='bbox 1339 301 1393 340; x_wconf 91' lang='lat' dir='ltr'><strong>de</strong></span> <span class='ocrx_word' id='word_1_24' title='bbox 1411 298 1585 341; x_wconf 82' lang='lat' dir='ltr'><strong>Judaeis</strong></span> <span class='ocrx_word' id='word_1_25' title='bbox 1617 308 1657 340; x_wconf 86' lang='lat' dir='ltr'><strong>et</strong></span> 
     </span>
     <span class='ocr_line' id='line_1_4' title="bbox 231 375 1655 435; baseline -0.006 -11"><span class='ocrx_word' id='word_1_26' title='bbox 231 381 441 424; x_wconf 80' lang='lat' dir='ltr'><strong>Gentibus</strong></span> <span class='ocrx_word' id='word_1_27' title='bbox 474 380 587 431; x_wconf 85' lang='lat' dir='ltr'><strong>dicit,</strong></span> <span class='ocrx_word' id='word_1_28' title='bbox 618 379 808 435; x_wconf 87' lang='lat' dir='ltr'><strong>utrisque</strong></span> <span class='ocrx_word' id='word_1_29' title='bbox 828 380 1024 420; x_wconf 86' lang='lat' dir='ltr'><strong>nondum</strong></span> <span class='ocrx_word' id='word_1_30' title='bbox 1050 378 1332 419; x_wconf 76' lang='lat' dir='ltr'>credentibus.</span> <span class='ocrx_word' id='word_1_31' title='bbox 1374 375 1520 417; x_wconf 87' lang='lat' dir='ltr'><strong>Potest</strong></span> <span class='ocrx_word' id='word_1_32' title='bbox 1540 375 1655 417; x_wconf 88' lang='lat' dir='ltr'><strong>enim</strong></span> 
     </span>
     <span class='ocr_line' id='line_1_5' title="bbox 227 453 1657 512; baseline -0.006 -10"><span class='ocrx_word' id='word_1_33' title='bbox 227 460 341 510; x_wconf 82' lang='lat' dir='ltr'><strong>fieri,</strong></span> <span class='ocrx_word' id='word_1_34' title='bbox 371 470 418 500; x_wconf 92' lang='lat' dir='ltr'><strong>ut</strong></span> <span class='ocrx_word' id='word_1_35' title='bbox 448 459 512 500; x_wconf 90' lang='lat' dir='ltr'><strong>vel</strong></span> <span class='ocrx_word' id='word_1_36' title='bbox 544 475 592 499; x_wconf 85' lang='lat' dir='ltr'><strong>ex</strong></span> <span class='ocrx_word' id='word_1_37' title='bbox 622 457 707 507; x_wconf 84' lang='lat' dir='ltr'><strong>his,</strong></span> <span class='ocrx_word' id='word_1_38' title='bbox 747 457 821 512; x_wconf 90' lang='lat' dir='ltr'><strong>qui</strong></span> <span class='ocrx_word' id='word_1_39' title='bbox 849 456 894 497; x_wconf 87' lang='lat' dir='ltr'><strong>in</strong></span> <span class='ocrx_word' id='word_1_40' title='bbox 923 457 1014 508; x_wconf 87' lang='lat' dir='ltr'><strong>lege</strong></span> <span class='ocrx_word' id='word_1_41' title='bbox 1042 466 1162 503; x_wconf 88' lang='lat' dir='ltr'><strong>sunt,</strong></span> <span class='ocrx_word' id='word_1_42' title='bbox 1194 454 1227 495; x_wconf 86' lang='lat' dir='ltr'><strong>si</strong></span> <span class='ocrx_word' id='word_1_43' title='bbox 1259 454 1352 509; x_wconf 87' lang='lat' dir='ltr'><strong>quis</strong></span> <span class='ocrx_word' id='word_1_44' title='bbox 1380 453 1657 509; x_wconf 80' lang='lat' dir='ltr'>persuasione</span> 
     </span>
     <span class='ocr_line' id='line_1_6' title="bbox 229 532 1656 594; baseline -0.006 -15"><span class='ocrx_word' id='word_1_45' title='bbox 229 537 403 594; x_wconf 87' lang='lat' dir='ltr'><strong>quidem</strong></span> <span class='ocrx_word' id='word_1_46' title='bbox 437 534 658 578; x_wconf 88' lang='lat' dir='ltr'><strong>communi</strong></span> <span class='ocrx_word' id='word_1_47' title='bbox 679 533 720 588; x_wconf 76' lang='grc'><strong>1)</strong></span> <span class='ocrx_word' id='word_1_48' title='bbox 761 532 931 574; x_wconf 80' lang='lat' dir='ltr'><strong>Christo</strong></span> <span class='ocrx_word' id='word_1_49' title='bbox 963 550 1055 574; x_wconf 89' lang='lat' dir='ltr'><strong>non</strong></span> <span class='ocrx_word' id='word_1_50' title='bbox 1088 532 1239 581; x_wconf 85' lang='lat' dir='ltr'><strong>credit,</strong></span> <span class='ocrx_word' id='word_1_51' title='bbox 1282 542 1483 587; x_wconf 83' lang='lat' dir='ltr'><strong>operetur</strong></span> <span class='ocrx_word' id='word_1_52' title='bbox 1511 542 1656 572; x_wconf 90' lang='lat' dir='ltr'><strong>tamen</strong></span> 
     </span>
     <span class='ocr_line' id='line_1_7' title="bbox 228 607 1658 669; baseline -0.005 -14"><span class='ocrx_word' id='word_1_53' title='bbox 228 614 346 669; x_wconf 85' lang='lat' dir='ltr'><strong>quod</strong></span> <span class='ocrx_word' id='word_1_54' title='bbox 378 613 545 653; x_wconf 90' lang='lat' dir='ltr'><strong>bonum</strong></span> <span class='ocrx_word' id='word_1_55' title='bbox 580 623 656 661; x_wconf 88' lang='lat' dir='ltr'><strong>est,</strong></span> <span class='ocrx_word' id='word_1_56' title='bbox 696 610 897 666; x_wconf 84' lang='lat' dir='ltr'><strong>justitiam</strong></span> <span class='ocrx_word' id='word_1_57' title='bbox 928 621 1091 660; x_wconf 82' lang='lat' dir='ltr'><strong>teneat,</strong></span> <span class='ocrx_word' id='word_1_58' title='bbox 1129 608 1466 651; x_wconf 84' lang='lat' dir='ltr'><strong>misericordiam</strong></span> <span class='ocrx_word' id='word_1_59' title='bbox 1500 607 1658 659; x_wconf 80' lang='lat' dir='ltr'><strong>diligat.</strong></span> 
     </span>
     <span class='ocr_line' id='line_1_8' title="bbox 228 685 1656 740; baseline -0.004 -9"><span class='ocrx_word' id='word_1_60' title='bbox 228 690 460 731; x_wconf 77' lang='lat' dir='ltr'><strong>castitatem</strong></span> <span class='ocrx_word' id='word_1_61' title='bbox 491 699 531 729; x_wconf 90' lang='lat' dir='ltr'><strong>et</strong></span> <span class='ocrx_word' id='word_1_62' title='bbox 563 687 869 729; x_wconf 78' lang='lat' dir='ltr'><strong>continentiam</strong></span> <span class='ocrx_word' id='word_1_63' title='bbox 898 699 1046 738; x_wconf 86' lang='lat' dir='ltr'><strong>servet,</strong></span> <span class='ocrx_word' id='word_1_64' title='bbox 1075 686 1327 728; x_wconf 79' lang='lat' dir='ltr'><strong>modestiam</strong></span> <span class='ocrx_word' id='word_1_65' title='bbox 1352 685 1656 740; x_wconf 80' lang='lat' dir='ltr'><strong>lenitatemque</strong></span> 
     </span>
     <span class='ocr_line' id='line_1_9' title="bbox 228 762 1656 822; baseline -0.004 -14"><span class='ocrx_word' id='word_1_66' title='bbox 228 767 451 815; x_wconf 87' lang='lat' dir='ltr'><strong>custodiat,</strong></span> <span class='ocrx_word' id='word_1_67' title='bbox 474 777 598 821; x_wconf 85' lang='lat' dir='ltr'><strong>atque</strong></span> <span class='ocrx_word' id='word_1_68' title='bbox 623 782 753 806; x_wconf 90' lang='lat' dir='ltr'><strong>omne</strong></span> <span class='ocrx_word' id='word_1_69' title='bbox 775 782 882 822; x_wconf 89' lang='lat' dir='ltr'><strong>opus</strong></span> <span class='ocrx_word' id='word_1_70' title='bbox 897 765 942 822; x_wconf 82' lang='grc'><strong>2)</strong></span> <span class='ocrx_word' id='word_1_71' title='bbox 967 767 1132 806; x_wconf 89' lang='lat' dir='ltr'><strong>bonum</strong></span> <span class='ocrx_word' id='word_1_72' title='bbox 1161 775 1383 820; x_wconf 80' lang='lat' dir='ltr'><strong>operetur:</strong></span> <span class='ocrx_word' id='word_1_73' title='bbox 1404 762 1474 804; x_wconf 85' lang='lat' dir='ltr'><strong>hic</strong></span> <span class='ocrx_word' id='word_1_74' title='bbox 1496 762 1656 803; x_wconf 90' lang='lat' dir='ltr'><strong>etiamsi</strong></span> 
     </span>
     <span class='ocr_line' id='line_1_10' title="bbox 226 839 1654 898; baseline -0.004 -13"><span class='ocrx_word' id='word_1_75' title='bbox 226 845 355 886; x_wconf 89' lang='lat' dir='ltr'><strong>vitam</strong></span> <span class='ocrx_word' id='word_1_76' title='bbox 372 860 463 884; x_wconf 89' lang='lat' dir='ltr'><strong>non</strong></span> <span class='ocrx_word' id='word_1_77' title='bbox 481 844 609 884; x_wconf 78' lang='lat' dir='ltr'><strong>habet</strong></span> <span class='ocrx_word' id='word_1_78' title='bbox 639 855 867 893; x_wconf 74' lang='lat' dir='ltr'><strong>aeternam,</strong></span> <span class='ocrx_word' id='word_1_79' title='bbox 891 842 989 898; x_wconf 82' lang='lat' dir='ltr'><strong>quia</strong></span> <span class='ocrx_word' id='word_1_80' title='bbox 1009 843 1185 883; x_wconf 88' lang='lat' dir='ltr'><strong>credens</strong></span> <span class='ocrx_word' id='word_1_81' title='bbox 1203 841 1282 883; x_wconf 89' lang='lat' dir='ltr'><strong>soli</strong></span> <span class='ocrx_word' id='word_1_82' title='bbox 1305 857 1404 881; x_wconf 84' lang='lat' dir='ltr'><strong>vero</strong></span> <span class='ocrx_word' id='word_1_83' title='bbox 1426 839 1541 889; x_wconf 90' lang='lat' dir='ltr'><strong>Deo,</strong></span> <span class='ocrx_word' id='word_1_84' title='bbox 1562 856 1654 880; x_wconf 88' lang='lat' dir='ltr'><strong>non</strong></span> 
     </span>
     <span class='ocr_line' id='line_1_11' title="bbox 227 915 1654 976; baseline -0.004 -14"><span class='ocrx_word' id='word_1_85' title='bbox 227 920 408 962; x_wconf 87' lang='lat' dir='ltr'><strong>credidit</strong></span> <span class='ocrx_word' id='word_1_86' title='bbox 427 932 465 961; x_wconf 89' lang='lat' dir='ltr'><strong>et</strong></span> <span class='ocrx_word' id='word_1_87' title='bbox 483 919 594 962; x_wconf 83' lang='lat' dir='ltr'><strong>Filio</strong></span> <span class='ocrx_word' id='word_1_88' title='bbox 617 918 705 976; x_wconf 87' lang='lat' dir='ltr'><strong>ejus</strong></span> <span class='ocrx_word' id='word_1_89' title='bbox 723 920 823 962; x_wconf 87' lang='lat' dir='ltr'><strong>Jesu</strong></span> <span class='ocrx_word' id='word_1_90' title='bbox 846 919 1030 969; x_wconf 81' lang='lat' dir='ltr'><strong>Christo,</strong></span> <span class='ocrx_word' id='word_1_91' title='bbox 1052 935 1177 975; x_wconf 89' lang='lat' dir='ltr'><strong>quem</strong></span> <span class='ocrx_word' id='word_1_92' title='bbox 1197 917 1321 967; x_wconf 82' lang='lat' dir='ltr'><strong>misit,</strong></span> <span class='ocrx_word' id='word_1_93' title='bbox 1347 929 1491 958; x_wconf 87' lang='lat' dir='ltr'><strong>tamen</strong></span> <span class='ocrx_word' id='word_1_94' title='bbox 1517 915 1654 968; x_wconf 84' lang='lat' dir='ltr'><strong>gloria</strong></span> 
     </span>
     <span class='ocr_line' id='line_1_12' title="bbox 228 994 1657 1053; baseline -0.003 -15"><span class='ocrx_word' id='word_1_95' title='bbox 228 1014 410 1053; x_wconf 86' lang='lat' dir='ltr'><strong>operum</strong></span> <span class='ocrx_word' id='word_1_96' title='bbox 445 995 546 1052; x_wconf 74' lang='lat' dir='ltr'><strong>ejus,</strong></span> <span class='ocrx_word' id='word_1_97' title='bbox 577 1008 616 1037; x_wconf 86' lang='lat' dir='ltr'><strong>et</strong></span> <span class='ocrx_word' id='word_1_98' title='bbox 633 1013 714 1053; x_wconf 88' lang='lat' dir='ltr'><strong>pax</strong></span> <span class='ocrx_word' id='word_1_99' title='bbox 733 1009 773 1038; x_wconf 90' lang='lat' dir='ltr'><strong>et</strong></span> <span class='ocrx_word' id='word_1_100' title='bbox 801 998 946 1038; x_wconf 89' lang='lat' dir='ltr'><strong>honor</strong></span> <span class='ocrx_word' id='word_1_101' title='bbox 964 995 1122 1053; x_wconf 87' lang='lat' dir='ltr'><strong>poterit</strong></span> <span class='ocrx_word' id='word_1_102' title='bbox 1137 1013 1225 1037; x_wconf 90' lang='lat' dir='ltr'><strong>non</strong></span> <span class='ocrx_word' id='word_1_103' title='bbox 1244 995 1396 1052; x_wconf 84' lang='lat' dir='ltr'><strong>perire.</strong></span> <span class='ocrx_word' id='word_1_104' title='bbox 1443 994 1528 1035; x_wconf 85' lang='lat' dir='ltr'><strong>Sed</strong></span> <span class='ocrx_word' id='word_1_105' title='bbox 1546 994 1592 1049; x_wconf 78' lang='grc'><strong>3)</strong></span> <span class='ocrx_word' id='word_1_106' title='bbox 1617 1005 1657 1035; x_wconf 90' lang='lat' dir='ltr'><strong>et</strong></span> 
     </span>
     <span class='ocr_line' id='line_1_13' title="bbox 230 1071 1657 1128; baseline -0.002 -13"><span class='ocrx_word' id='word_1_107' title='bbox 230 1074 435 1124; x_wconf 86' lang='lat' dir='ltr'><strong>Graecus,</strong></span> <span class='ocrx_word' id='word_1_108' title='bbox 465 1074 509 1115; x_wconf 89' lang='lat' dir='ltr'><strong>id</strong></span> <span class='ocrx_word' id='word_1_109' title='bbox 543 1085 613 1123; x_wconf 88' lang='lat' dir='ltr'><strong>est,</strong></span> <span class='ocrx_word' id='word_1_110' title='bbox 646 1073 838 1124; x_wconf 70' lang='lat' dir='ltr'><strong>Gentius,</strong></span> <span class='ocrx_word' id='word_1_111' title='bbox 866 1073 921 1124; x_wconf 83' lang='lat' dir='ltr'><strong>si,</strong></span> <span class='ocrx_word' id='word_1_112' title='bbox 954 1091 1051 1115; x_wconf 89' lang='lat' dir='ltr'><strong>cum</strong></span> <span class='ocrx_word' id='word_1_113' title='bbox 1082 1074 1216 1125; x_wconf 85' lang='lat' dir='ltr'><strong>legem</strong></span> <span class='ocrx_word' id='word_1_114' title='bbox 1249 1090 1340 1114; x_wconf 90' lang='lat' dir='ltr'><strong>non</strong></span> <span class='ocrx_word' id='word_1_115' title='bbox 1370 1073 1537 1122; x_wconf 80' lang='lat' dir='ltr'><strong>habeat,</strong></span> <span class='ocrx_word' id='word_1_116' title='bbox 1565 1071 1657 1128; x_wconf 89' lang='lat' dir='ltr'><strong>ipse</strong></span> 
     </span>
     <span class='ocr_line' id='line_1_14' title="bbox 224 1149 1658 1207; baseline -0.003 -13"><span class='ocrx_word' id='word_1_117' title='bbox 224 1152 306 1194; x_wconf 82' lang='lat' dir='ltr'>sibi</span> <span class='ocrx_word' id='word_1_118' title='bbox 337 1163 396 1193; x_wconf 89' lang='lat' dir='ltr'><strong>est</strong></span> <span class='ocrx_word' id='word_1_119' title='bbox 424 1153 503 1200; x_wconf 80' lang='lat' dir='ltr'><strong>lex,</strong></span> <span class='ocrx_word' id='word_1_120' title='bbox 535 1152 761 1193; x_wconf 86' lang='lat' dir='ltr'><strong>ostendens</strong></span> <span class='ocrx_word' id='word_1_121' title='bbox 785 1168 892 1207; x_wconf 91' lang='lat' dir='ltr'><strong>opus</strong></span> <span class='ocrx_word' id='word_1_122' title='bbox 913 1150 1013 1202; x_wconf 85' lang='lat' dir='ltr'><strong>legis</strong></span> <span class='ocrx_word' id='word_1_123' title='bbox 1043 1150 1086 1191; x_wconf 86' lang='lat' dir='ltr'><strong>in</strong></span> <span class='ocrx_word' id='word_1_124' title='bbox 1120 1151 1252 1191; x_wconf 82' lang='lat' dir='ltr'><strong>corde</strong></span> <span class='ocrx_word' id='word_1_125' title='bbox 1281 1167 1374 1199; x_wconf 86' lang='lat' dir='ltr'><strong>suo,</strong></span> <span class='ocrx_word' id='word_1_126' title='bbox 1406 1162 1445 1191; x_wconf 90' lang='lat' dir='ltr'><strong>et</strong></span> <span class='ocrx_word' id='word_1_127' title='bbox 1473 1149 1658 1191; x_wconf 89' lang='lat' dir='ltr'><strong>naturali</strong></span> 
     </span>
     <span class='ocr_line' id='line_1_15' title="bbox 227 1225 1658 1287; baseline -0.001 -16"><span class='ocrx_word' id='word_1_128' title='bbox 227 1229 395 1271; x_wconf 83' lang='lat' dir='ltr'><strong>ratione</strong></span> <span class='ocrx_word' id='word_1_129' title='bbox 433 1229 657 1278; x_wconf 89' lang='lat' dir='ltr'><strong>immotus,</strong></span> <span class='ocrx_word' id='word_1_130' title='bbox 696 1228 803 1287; x_wconf 85' lang='lat' dir='ltr'><strong>sicut</strong></span> <span class='ocrx_word' id='word_1_131' title='bbox 841 1230 1031 1270; x_wconf 87' lang='lat' dir='ltr'><strong>videmus</strong></span> <span class='ocrx_word' id='word_1_132' title='bbox 1069 1227 1303 1269; x_wconf 89' lang='lat' dir='ltr'><strong>nonnullos</strong></span> <span class='ocrx_word' id='word_1_133' title='bbox 1343 1227 1388 1268; x_wconf 87' lang='lat' dir='ltr'><strong>in</strong></span> <span class='ocrx_word' id='word_1_134' title='bbox 1434 1225 1658 1277; x_wconf 83' lang='lat' dir='ltr'><strong>Gentibus,</strong></span> 
     </span>
     <span class='ocr_line' id='line_1_16' title="bbox 223 1304 1658 1362; baseline -0.003 -14"><span class='ocrx_word' id='word_1_135' title='bbox 223 1308 289 1348; x_wconf 89' lang='lat' dir='ltr'><strong>vel</strong></span> <span class='ocrx_word' id='word_1_136' title='bbox 318 1305 518 1362; x_wconf 81' lang='lat' dir='ltr'><strong>justitiam</strong></span> <span class='ocrx_word' id='word_1_137' title='bbox 550 1316 704 1354; x_wconf 87' lang='lat' dir='ltr'><strong>teneat,</strong></span> <span class='ocrx_word' id='word_1_138' title='bbox 734 1305 797 1345; x_wconf 83' lang='lat' dir='ltr'><strong>vel</strong></span> <span class='ocrx_word' id='word_1_139' title='bbox 833 1305 1060 1347; x_wconf 76' lang='lat' dir='ltr'><strong>castitatem</strong></span> <span class='ocrx_word' id='word_1_140' title='bbox 1092 1315 1247 1354; x_wconf 80' lang='lat' dir='ltr'><strong>servet,</strong></span> <span class='ocrx_word' id='word_1_141' title='bbox 1277 1305 1342 1344; x_wconf 78' lang='lat' dir='ltr'><strong>vel</strong></span> <span class='ocrx_word' id='word_1_142' title='bbox 1370 1304 1658 1360; x_wconf 81' lang='lat' dir='ltr'><strong>prudentiam,</strong></span> 
     </span>
     <span class='ocr_line' id='line_1_17' title="bbox 222 1380 1657 1440; baseline -0.001 -15"><span class='ocrx_word' id='word_1_143' title='bbox 222 1382 552 1440; x_wconf 79' lang='lat' dir='ltr'><strong>temperantiam</strong></span> <span class='ocrx_word' id='word_1_144' title='bbox 592 1381 933 1438; x_wconf 86' lang='lat' dir='ltr'><strong>modestiamque</strong></span> <span class='ocrx_word' id='word_1_145' title='bbox 975 1383 1207 1423; x_wconf 85' lang='lat' dir='ltr'><strong>custodiat:</strong></span> <span class='ocrx_word' id='word_1_146' title='bbox 1248 1381 1324 1422; x_wconf 86' lang='lat' dir='ltr'><strong>iste</strong></span> <span class='ocrx_word' id='word_1_147' title='bbox 1364 1380 1463 1422; x_wconf 82' lang='lat' dir='ltr'><strong>licet</strong></span> <span class='ocrx_word' id='word_1_148' title='bbox 1496 1381 1657 1424; x_wconf 87' lang='lat' dir='ltr'><strong>alienus</strong></span> 
     </span>
     <span class='ocr_line' id='line_1_18' title="bbox 223 1458 1658 1515; baseline -0.001 -12"><span class='ocrx_word' id='word_1_149' title='bbox 223 1479 247 1503; x_wconf 86' lang='lat' dir='ltr'><strong>a</strong></span> <span class='ocrx_word' id='word_1_150' title='bbox 276 1461 359 1503; x_wconf 83' lang='lat' dir='ltr'><strong>vita</strong></span> <span class='ocrx_word' id='word_1_151' title='bbox 388 1461 581 1503; x_wconf 84' lang='lat' dir='ltr'><strong>videatur</strong></span> <span class='ocrx_word' id='word_1_152' title='bbox 611 1471 798 1509; x_wconf 86' lang='lat' dir='ltr'><strong>aeterna,</strong></span> <span class='ocrx_word' id='word_1_153' title='bbox 830 1460 929 1515; x_wconf 85' lang='lat' dir='ltr'><strong>quia</strong></span> <span class='ocrx_word' id='word_1_154' title='bbox 959 1477 1050 1501; x_wconf 91' lang='lat' dir='ltr'><strong>non</strong></span> <span class='ocrx_word' id='word_1_155' title='bbox 1074 1458 1208 1501; x_wconf 88' lang='lat' dir='ltr'><strong>credit</strong></span> <span class='ocrx_word' id='word_1_156' title='bbox 1227 1458 1410 1509; x_wconf 86' lang='lat' dir='ltr'><strong>Christo,</strong></span> <span class='ocrx_word' id='word_1_157' title='bbox 1440 1471 1480 1500; x_wconf 89' lang='lat' dir='ltr'><strong>et</strong></span> <span class='ocrx_word' id='word_1_158' title='bbox 1497 1459 1658 1501; x_wconf 87' lang='lat' dir='ltr'><strong>intrare</strong></span> 
     </span>
     <span class='ocr_line' id='line_1_19' title="bbox 224 1534 1656 1594; baseline -0.001 -14"><span class='ocrx_word' id='word_1_159' title='bbox 224 1556 316 1580; x_wconf 89' lang='lat' dir='ltr'><strong>non</strong></span> <span class='ocrx_word' id='word_1_160' title='bbox 347 1537 480 1594; x_wconf 90' lang='lat' dir='ltr'><strong>possit</strong></span> <span class='ocrx_word' id='word_1_161' title='bbox 507 1537 553 1578; x_wconf 89' lang='lat' dir='ltr'><strong>in</strong></span> <span class='ocrx_word' id='word_1_162' title='bbox 590 1553 770 1589; x_wconf 86' lang='lat' dir='ltr'><strong>regnum</strong></span> <span class='ocrx_word' id='word_1_163' title='bbox 803 1538 1049 1586; x_wconf 85' lang='lat' dir='ltr'><strong>coelorum,</strong></span> <span class='ocrx_word' id='word_1_164' title='bbox 1089 1537 1187 1592; x_wconf 87' lang='lat' dir='ltr'><strong>quia</strong></span> <span class='ocrx_word' id='word_1_165' title='bbox 1217 1548 1386 1578; x_wconf 86' lang='lat' dir='ltr'><strong>renatus</strong></span> <span class='ocrx_word' id='word_1_166' title='bbox 1411 1554 1503 1578; x_wconf 89' lang='lat' dir='ltr'><strong>non</strong></span> <span class='ocrx_word' id='word_1_167' title='bbox 1534 1548 1592 1578; x_wconf 87' lang='lat' dir='ltr'><strong>est</strong></span> <span class='ocrx_word' id='word_1_168' title='bbox 1608 1534 1656 1591; x_wconf 79' lang='lat'><strong>⁴²)</strong></span> 
     </span>
     <span class='ocr_line' id='line_1_20' title="bbox 224 1611 1656 1671; baseline -0.002 -14"><span class='ocrx_word' id='word_1_169' title='bbox 224 1633 272 1657; x_wconf 84' lang='lat' dir='ltr'><strong>ex</strong></span> <span class='ocrx_word' id='word_1_170' title='bbox 307 1632 416 1671; x_wconf 91' lang='lat' dir='ltr'><strong>aqua</strong></span> <span class='ocrx_word' id='word_1_171' title='bbox 448 1627 487 1656; x_wconf 88' lang='lat' dir='ltr'><strong>et</strong></span> <span class='ocrx_word' id='word_1_172' title='bbox 519 1614 695 1670; x_wconf 87' lang='lat' dir='ltr'><strong>Spiritu,</strong></span> <span class='ocrx_word' id='word_1_173' title='bbox 724 1615 892 1656; x_wconf 82' lang='lat' dir='ltr'><strong>videtur</strong></span> <span class='ocrx_word' id='word_1_174' title='bbox 921 1611 1120 1667; x_wconf 85' lang='lat' dir='ltr'><strong>tamen⁵)</strong></span> <span class='ocrx_word' id='word_1_175' title='bbox 1153 1613 1271 1667; x_wconf 90' lang='lat' dir='ltr'><strong>quod</strong></span> <span class='ocrx_word' id='word_1_176' title='bbox 1301 1631 1379 1669; x_wconf 89' lang='lat' dir='ltr'><strong>per</strong></span> <span class='ocrx_word' id='word_1_177' title='bbox 1397 1615 1514 1663; x_wconf 90' lang='lat' dir='ltr'><strong>haec,</strong></span> <span class='ocrx_word' id='word_1_178' title='bbox 1545 1630 1656 1668; x_wconf 88' lang='lat' dir='ltr'><strong>quae</strong></span> 
     </span>
     <span class='ocr_line' id='line_1_21' title="bbox 224 1690 1657 1746; baseline -0.001 -13"><span class='ocrx_word' id='word_1_179' title='bbox 224 1694 427 1734; x_wconf 83' lang='lat' dir='ltr'><strong>dicuntur</strong></span> <span class='ocrx_word' id='word_1_180' title='bbox 458 1693 510 1732; x_wconf 91' lang='lat' dir='ltr'><strong>ab</strong></span> <span class='ocrx_word' id='word_1_181' title='bbox 543 1692 779 1746; x_wconf 90' lang='lat' dir='ltr'><strong>Apostolo,</strong></span> <span class='ocrx_word' id='word_1_182' title='bbox 811 1692 1033 1732; x_wconf 87' lang='lat' dir='ltr'><strong>bonorum</strong></span> <span class='ocrx_word' id='word_1_183' title='bbox 1069 1705 1249 1744; x_wconf 82' lang='lat' dir='ltr'><strong>operum</strong></span> <span class='ocrx_word' id='word_1_184' title='bbox 1279 1690 1473 1741; x_wconf 79' lang='lat' dir='ltr'><strong>gloriam,</strong></span> <span class='ocrx_word' id='word_1_185' title='bbox 1505 1702 1545 1731; x_wconf 88' lang='lat' dir='ltr'><strong>et</strong></span> <span class='ocrx_word' id='word_1_186' title='bbox 1575 1691 1657 1732; x_wconf 87' lang='lat' dir='ltr'><strong>ho-</strong></span> 
     </span>
     <span class='ocr_line' id='line_1_22' title="bbox 222 1766 1653 1824; baseline -0.002 -13"><span class='ocrx_word' id='word_1_187' title='bbox 222 1785 402 1818; x_wconf 89' lang='lat' dir='ltr'><strong>norem,</strong></span> <span class='ocrx_word' id='word_1_188' title='bbox 447 1779 488 1810; x_wconf 88' lang='lat' dir='ltr'><strong>et</strong></span> <span class='ocrx_word' id='word_1_189' title='bbox 525 1784 676 1824; x_wconf 85' lang='lat' dir='ltr'><strong>pacem</strong></span> <span class='ocrx_word' id='word_1_190' title='bbox 707 1769 889 1823; x_wconf 85' lang='lat' dir='ltr'><strong>perdere</strong></span> <span class='ocrx_word' id='word_1_191' title='bbox 927 1767 1095 1822; x_wconf 88' lang='lat' dir='ltr'><strong>penitus</strong></span> <span class='ocrx_word' id='word_1_192' title='bbox 1135 1784 1227 1809; x_wconf 90' lang='lat' dir='ltr'><strong>non</strong></span> <span class='ocrx_word' id='word_1_193' title='bbox 1258 1767 1402 1822; x_wconf 88' lang='lat' dir='ltr'><strong>possit.</strong></span> <span class='ocrx_word' id='word_1_194' title='bbox 1462 1766 1508 1809; x_wconf 85' lang='lat' dir='ltr'><strong>Si</strong></span> <span class='ocrx_word' id='word_1_195' title='bbox 1541 1767 1653 1809; x_wconf 88' lang='lat' dir='ltr'><strong>enim</strong></span> 
     </span>
     <span class='ocr_line' id='line_1_23' title="bbox 221 1843 1656 1900; baseline -0.002 -12"><span class='ocrx_word' id='word_1_196' title='bbox 221 1847 458 1890; x_wconf 86' lang='lat' dir='ltr'><strong>secundum</strong></span> <span class='ocrx_word' id='word_1_197' title='bbox 491 1862 563 1896; x_wconf 80' lang='lat' dir='ltr'><strong>ea,</strong></span> <span class='ocrx_word' id='word_1_198' title='bbox 605 1861 712 1900; x_wconf 82' lang='lat' dir='ltr'><strong>quae</strong></span> <span class='ocrx_word' id='word_1_199' title='bbox 748 1845 792 1886; x_wconf 90' lang='lat' dir='ltr'><strong>in</strong></span> <span class='ocrx_word' id='word_1_200' title='bbox 831 1843 1125 1900; x_wconf 85' lang='lat' dir='ltr'><strong>superioribus</strong></span> <span class='ocrx_word' id='word_1_201' title='bbox 1157 1844 1448 1894; x_wconf 86' lang='lat' dir='ltr'><strong>disseruimus,</strong></span> <span class='ocrx_word' id='word_1_202' title='bbox 1487 1844 1656 1886; x_wconf 84' lang='lat' dir='ltr'><strong>videtur</strong></span> 
     </span>
     <span class='ocr_line' id='line_1_24' title="bbox 223 1920 1654 1979; baseline -0.001 -15"><span class='ocrx_word' id='word_1_203' title='bbox 223 1924 459 1979; x_wconf 88' lang='lat' dir='ltr'><strong>Apostolus</strong></span> <span class='ocrx_word' id='word_1_204' title='bbox 491 1923 784 1964; x_wconf 85' lang='lat' dir='ltr'><strong>condemnare</strong></span> <span class='ocrx_word' id='word_1_205' title='bbox 817 1920 1019 1970; x_wconf 87' lang='lat' dir='ltr'><strong>Gentiles,</strong></span> <span class='ocrx_word' id='word_1_206' title='bbox 1052 1938 1097 1962; x_wconf 84' lang='lat' dir='ltr'><strong>cx</strong></span> <span class='ocrx_word' id='word_1_207' title='bbox 1130 1937 1195 1971; x_wconf 91' lang='lat' dir='ltr'><strong>eo,</strong></span> <span class='ocrx_word' id='word_1_208' title='bbox 1226 1923 1344 1977; x_wconf 88' lang='lat' dir='ltr'><strong>quod</strong></span> <span class='ocrx_word' id='word_1_209' title='bbox 1375 1921 1557 1963; x_wconf 87' lang='lat' dir='ltr'><strong>naturali</strong></span> <span class='ocrx_word' id='word_1_210' title='bbox 1587 1921 1654 1962; x_wconf 88' lang='lat' dir='ltr'><strong>in-</strong></span> 
     </span>
    </p>
   </div>
   <div class='ocr_carea' id='block_1_3' title="bbox 221 1998 1653 2053">
    <p class='ocr_par' dir='ltr' id='par_1_3' title="bbox 221 1998 1653 2053">
     <span class='ocr_line' id='line_1_25' title="bbox 221 1998 1653 2053; baseline -0.001 -12"><span class='ocrx_word' id='word_1_211' title='bbox 221 2000 449 2053; x_wconf 85' lang='lat' dir='ltr'><strong>telligentia</strong></span> <span class='ocrx_word' id='word_1_212' title='bbox 501 2016 598 2041; x_wconf 90' lang='lat' dir='ltr'><strong>cum</strong></span> <span class='ocrx_word' id='word_1_213' title='bbox 652 1999 946 2051; x_wconf 81' lang='lat' dir='ltr'><strong>cognovissent</strong></span> <span class='ocrx_word' id='word_1_214' title='bbox 993 1998 1160 2048; x_wconf 90' lang='lat' dir='ltr'><strong>Deum,</strong></span> <span class='ocrx_word' id='word_1_215' title='bbox 1218 2015 1309 2039; x_wconf 89' lang='lat' dir='ltr'><strong>non</strong></span> <span class='ocrx_word' id='word_1_216' title='bbox 1360 1999 1468 2040; x_wconf 89' lang='lat' dir='ltr'><strong>sicut</strong></span> <span class='ocrx_word' id='word_1_217' title='bbox 1509 1998 1653 2040; x_wconf 89' lang='lat' dir='ltr'><strong>Deum</strong></span> 
     </span>
    </p>
   </div>
   <div class='ocr_carea' id='block_1_4' title="bbox 220 2173 1654 2336">
    <p class='ocr_par' dir='ltr' id='par_1_4' title="bbox 220 2173 1654 2336">
     <span class='ocr_line' id='line_1_26' title="bbox 342 2173 1654 2231; baseline 0 -16"><span class='ocrx_word' id='word_1_218' title='bbox 342 2174 387 2231; x_wconf 74' lang='grc' dir='ltr'><strong>ι)</strong></span> <span class='ocrx_word' id='word_1_219' title='bbox 419 2174 490 2215; x_wconf 86' lang='lat' dir='ltr'><strong>Sic</strong></span> <span class='ocrx_word' id='word_1_220' title='bbox 520 2173 620 2215; x_wconf 84' lang='lat' dir='ltr'><strong>Mss.</strong></span> <span class='ocrx_word' id='word_1_221' title='bbox 649 2173 866 2231; x_wconf 84' lang='lat' dir='ltr'><strong>plerique,</strong></span> <span class='ocrx_word' id='word_1_222' title='bbox 896 2175 1112 2224; x_wconf 83' lang='lat' dir='ltr'><strong>Rabanus,</strong></span> <span class='ocrx_word' id='word_1_223' title='bbox 1145 2185 1183 2216; x_wconf 88' lang='lat' dir='ltr'><strong>et</strong></span> <span class='ocrx_word' id='word_1_224' title='bbox 1215 2174 1485 2216; x_wconf 88' lang='lat' dir='ltr'><strong>Salodianus.</strong></span> <span class='ocrx_word' id='word_1_225' title='bbox 1545 2173 1654 2215; x_wconf 87' lang='lat' dir='ltr'><strong>Cae—</strong></span> 
     </span>
     <span class='ocr_line' id='line_1_27' title="bbox 220 2230 1654 2290; baseline 0 -19"><span class='ocrx_word' id='word_1_226' title='bbox 220 2231 298 2272; x_wconf 87' lang='lat' dir='ltr'><strong>teri</strong></span> <span class='ocrx_word' id='word_1_227' title='bbox 328 2247 428 2272; x_wconf 89' lang='lat' dir='ltr'><strong>vero</strong></span> <span class='ocrx_word' id='word_1_228' title='bbox 463 2230 577 2280; x_wconf 87' lang='lat' dir='ltr'><strong>editi,</strong></span> <span class='ocrx_word' id='word_1_229' title='bbox 607 2242 648 2271; x_wconf 88' lang='lat' dir='ltr'><strong>et</strong></span> <span class='ocrx_word' id='word_1_230' title='bbox 672 2231 775 2272; x_wconf 89' lang='lat' dir='ltr'><strong>Msc.</strong></span> <span class='ocrx_word' id='word_1_231' title='bbox 806 2249 928 2281; x_wconf 87' lang='lat' dir='ltr'><strong>unus,</strong></span> <span class='ocrx_word' id='word_1_232' title='bbox 961 2234 1011 2274; x_wconf 89' lang='lat' dir='ltr'><strong>al.</strong></span> <span class='ocrx_word' id='word_1_233' title='bbox 1040 2232 1249 2290; x_wconf 87' lang='lat' dir='ltr'><strong>(itemque</strong></span> <span class='ocrx_word' id='word_1_234' title='bbox 1271 2233 1364 2273; x_wconf 89' lang='lat' dir='ltr'><strong>edd.</strong></span> <span class='ocrx_word' id='word_1_235' title='bbox 1388 2230 1474 2286; x_wconf 82' lang='lat' dir='ltr'><strong>M.)</strong></span> <span class='ocrx_word' id='word_1_236' title='bbox 1506 2247 1654 2280; x_wconf 87' lang='lat' dir='ltr'><strong>„com-</strong></span> 
     </span>
     <span class='ocr_line' id='line_1_28' title="bbox 222 2287 1010 2336; baseline 0.001 -7"><span class='ocrx_word' id='word_1_237' title='bbox 222 2287 450 2335; x_wconf 90' lang='lat' dir='ltr'><strong>monitus“,</strong></span> <span class='ocrx_word' id='word_1_238' title='bbox 481 2288 533 2328; x_wconf 86' lang='lat' dir='ltr'><strong>al.</strong></span> <span class='ocrx_word' id='word_1_239' title='bbox 565 2287 921 2336; x_wconf 77' lang='lat' dir='ltr'><strong>„communitus-‘⁸</strong></span> <span class='ocrx_word' id='word_1_240' title='bbox 961 2289 1010 2330; x_wconf 87' lang='lat' dir='ltr'><strong>R.</strong></span> 
     </span>
    </p>
   </div>
   <div class='ocr_carea' id='block_1_5' title="bbox 339 2355 1651 2483">
    <p class='ocr_par' dir='ltr' id='par_1_5' title="bbox 339 2355 1651 2483">
     <span class='ocr_line' id='line_1_29' title="bbox 339 2355 1651 2415; baseline 0.001 -19"><span class='ocrx_word' id='word_1_241' title='bbox 339 2356 386 2412; x_wconf 68' lang='grc'><strong>2)</strong></span> <span class='ocrx_word' id='word_1_242' title='bbox 420 2356 643 2397; x_wconf 85' lang='lat' dir='ltr'><strong>Omittitur</strong></span> <span class='ocrx_word' id='word_1_243' title='bbox 672 2357 718 2398; x_wconf 88' lang='lat' dir='ltr'><strong>in</strong></span> <span class='ocrx_word' id='word_1_244' title='bbox 749 2359 868 2400; x_wconf 86' lang='lat' dir='ltr'><strong>editis</strong></span> <span class='ocrx_word' id='word_1_245' title='bbox 900 2358 959 2415; x_wconf 85' lang='lat' dir='ltr'><strong>(e.</strong></span> <span class='ocrx_word' id='word_1_246' title='bbox 992 2376 1025 2400; x_wconf 89' lang='lat' dir='ltr'><strong>c.</strong></span> <span class='ocrx_word' id='word_1_247' title='bbox 1055 2358 1098 2400; x_wconf 84' lang='lat' dir='ltr'><strong>in</strong></span> <span class='ocrx_word' id='word_1_248' title='bbox 1134 2359 1227 2399; x_wconf 81' lang='lat' dir='ltr'><strong>edd.</strong></span> <span class='ocrx_word' id='word_1_249' title='bbox 1259 2356 1365 2413; x_wconf 40' lang='lat' dir='ltr'><strong>MA&gt;</strong></span> <span class='ocrx_word' id='word_1_250' title='bbox 1398 2360 1573 2412; x_wconf 89' lang='lat' dir='ltr'><strong>‚,opus.“</strong></span> <span class='ocrx_word' id='word_1_251' title='bbox 1602 2355 1651 2397; x_wconf 81' lang='lat' dir='ltr'><strong>R.</strong></span> 
     </span>
     <span class='ocr_line' id='line_1_30' title="bbox 339 2420 1649 2483; baseline 0 -17"><span class='ocrx_word' id='word_1_252' title='bbox 339 2426 385 2483; x_wconf 83' lang='lat'><strong>³)</strong></span> <span class='ocrx_word' id='word_1_253' title='bbox 416 2427 476 2467; x_wconf 87' lang='lat' dir='ltr'><strong>Ita</strong></span> <span class='ocrx_word' id='word_1_254' title='bbox 508 2427 611 2468; x_wconf 85' lang='lat' dir='ltr'><strong>Msc.</strong></span> <span class='ocrx_word' id='word_1_255' title='bbox 645 2426 744 2478; x_wconf 82' lang='lat' dir='ltr'><strong>Reg.</strong></span> <span class='ocrx_word' id='word_1_256' title='bbox 775 2446 892 2471; x_wconf 88' lang='lat' dir='ltr'><strong>num.</strong></span> <span class='ocrx_word' id='word_1_257' title='bbox 926 2429 1047 2473; x_wconf 88' lang='grc'><strong>1639.</strong></span> <span class='ocrx_word' id='word_1_258' title='bbox 1106 2429 1226 2469; x_wconf 86' lang='lat' dir='ltr'><strong>Alter</strong></span> <span class='ocrx_word' id='word_1_259' title='bbox 1255 2427 1354 2477; x_wconf 80' lang='lat' dir='ltr'><strong>Reg.</strong></span> <span class='ocrx_word' id='word_1_260' title='bbox 1387 2442 1504 2466; x_wconf 89' lang='lat' dir='ltr'><strong>num.</strong></span> <span class='ocrx_word' id='word_1_261' title='bbox 1526 2420 1649 2469; x_wconf 59' lang='lat'>1621.</span> 
     </span>
    </p>
   </div>
   <div class='ocr_carea' id='block_1_6' title="bbox 221 2481 1650 2652">
    <p class='ocr_par' dir='ltr' id='par_1_6' title="bbox 221 2481 1650 2652">
     <span class='ocr_line' id='line_1_31' title="bbox 221 2481 1650 2540; baseline -0.001 -18"><span class='ocrx_word' id='word_1_262' title='bbox 221 2483 367 2523; x_wconf 87' lang='lat' dir='ltr'><strong>habet:</strong></span> <span class='ocrx_word' id='word_1_263' title='bbox 401 2483 513 2533; x_wconf 81' lang='lat' dir='ltr'><strong>„Sed</strong></span> <span class='ocrx_word' id='word_1_264' title='bbox 541 2482 613 2523; x_wconf 83' lang='lat' dir='ltr'><strong>etsi</strong></span> <span class='ocrx_word' id='word_1_265' title='bbox 636 2482 839 2534; x_wconf 82' lang='lat' dir='ltr'><strong>Graecus,</strong></span> <span class='ocrx_word' id='word_1_266' title='bbox 869 2510 944 2534; x_wconf 89' lang='lat'><strong>—,</strong></span> <span class='ocrx_word' id='word_1_267' title='bbox 975 2486 1048 2540; x_wconf 90' lang='lat' dir='ltr'><strong>qui</strong></span> <span class='ocrx_word' id='word_1_268' title='bbox 1080 2490 1201 2525; x_wconf 87' lang='lat' dir='ltr'><strong>cum“</strong></span> <span class='ocrx_word' id='word_1_269' title='bbox 1227 2497 1304 2524; x_wconf 89' lang='lat' dir='ltr'><strong>ctc.</strong></span> <span class='ocrx_word' id='word_1_270' title='bbox 1352 2481 1517 2522; x_wconf 67' lang='lat' dir='ltr'><strong>Cat-teri</strong></span> <span class='ocrx_word' id='word_1_271' title='bbox 1538 2482 1650 2531; x_wconf 84' lang='lat' dir='ltr'><strong>Mss.,</strong></span> 
     </span>
     <span class='ocr_line' id='line_1_32' title="bbox 221 2537 1649 2595; baseline 0.001 -16"><span class='ocrx_word' id='word_1_272' title='bbox 221 2539 445 2588; x_wconf 82' lang='lat' dir='ltr'><strong>Rabanus,</strong></span> <span class='ocrx_word' id='word_1_273' title='bbox 483 2550 522 2580; x_wconf 87' lang='lat' dir='ltr'><strong>et</strong></span> <span class='ocrx_word' id='word_1_274' title='bbox 553 2538 652 2580; x_wconf 87' lang='lat' dir='ltr'><strong>editi</strong></span> <span class='ocrx_word' id='word_1_275' title='bbox 683 2541 741 2594; x_wconf 74' lang='lat' dir='ltr'><strong>(e.</strong></span> <span class='ocrx_word' id='word_1_276' title='bbox 777 2557 809 2581; x_wconf 88' lang='lat' dir='ltr'><strong>c.</strong></span> <span class='ocrx_word' id='word_1_277' title='bbox 844 2543 937 2582; x_wconf 83' lang='lat' dir='ltr'><strong>edd.</strong></span> <span class='ocrx_word' id='word_1_278' title='bbox 968 2541 1075 2595; x_wconf 83' lang='lat' dir='ltr'>M.):</span> <span class='ocrx_word' id='word_1_279' title='bbox 1118 2542 1231 2590; x_wconf 83' lang='lat' dir='ltr'><strong>„Sed</strong></span> <span class='ocrx_word' id='word_1_280' title='bbox 1264 2552 1302 2580; x_wconf 85' lang='lat' dir='ltr'><strong>ct</strong></span> <span class='ocrx_word' id='word_1_281' title='bbox 1335 2537 1545 2587; x_wconf 83' lang='lat' dir='ltr'><strong>Graecus,</strong></span> <span class='ocrx_word' id='word_1_282' title='bbox 1577 2564 1649 2589; x_wconf 87' lang='lat'><strong>—‚</strong></span> 
     </span>
     <span class='ocr_line' id='line_1_33' title="bbox 222 2594 1281 2652; baseline 0.001 -16"><span class='ocrx_word' id='word_1_283' title='bbox 222 2596 296 2652; x_wconf 87' lang='lat' dir='ltr'><strong>qui</strong></span> <span class='ocrx_word' id='word_1_284' title='bbox 328 2602 450 2637; x_wconf 89' lang='lat' dir='ltr'><strong>cum“</strong></span> <span class='ocrx_word' id='word_1_285' title='bbox 483 2607 559 2639; x_wconf 84' lang='lat' dir='ltr'><strong>etc.</strong></span> <span class='ocrx_word' id='word_1_286' title='bbox 590 2594 640 2636; x_wconf 84' lang='lat' dir='ltr'><strong>R.</strong></span> <span class='ocrx_word' id='word_1_287' title='bbox 671 2621 723 2628; x_wconf 89' lang='lat'>—</span> <span class='ocrx_word' id='word_1_288' title='bbox 758 2595 846 2638; x_wconf 81' lang='lat' dir='ltr'><strong>Cfr.</strong></span> <span class='ocrx_word' id='word_1_289' title='bbox 879 2598 1004 2639; x_wconf 83' lang='lat' dir='ltr'><strong>Rom.</strong></span> <span class='ocrx_word' id='word_1_290' title='bbox 1036 2598 1086 2647; x_wconf 87' lang='lat' dir='ltr'><strong>ll,</strong></span> <span class='ocrx_word' id='word_1_291' title='bbox 1119 2598 1184 2641; x_wconf 75' lang='lat'><strong>14.</strong></span> <span class='ocrx_word' id='word_1_292' title='bbox 1216 2597 1281 2638; x_wconf 81' lang='lat'><strong>15.</strong></span> 
     </span>
    </p>
   </div>
   <div class='ocr_carea' id='block_1_7' title="bbox 337 2665 855 2721">
    <p class='ocr_par' dir='ltr' id='par_1_7' title="bbox 337 2665 855 2721">
     <span class='ocr_line' id='line_1_34' title="bbox 337 2665 855 2721; baseline 0.002 -16"><span class='ocrx_word' id='word_1_293' title='bbox 337 2665 385 2721; x_wconf 75' lang='lat'><strong>4)</strong></span> <span class='ocrx_word' id='word_1_294' title='bbox 414 2665 489 2706; x_wconf 84' lang='lat' dir='ltr'><strong>Ev.</strong></span> <span class='ocrx_word' id='word_1_295' title='bbox 523 2666 683 2707; x_wconf 87' lang='lat' dir='ltr'><strong>Joann.</strong></span> <span class='ocrx_word' id='word_1_296' title='bbox 712 2666 788 2716; x_wconf 88' lang='lat' dir='ltr'><strong>III,</strong></span> <span class='ocrx_word' id='word_1_297' title='bbox 816 2669 855 2710; x_wconf 85' lang='lat'><strong>5.</strong></span> 
     </span>
    </p>
   </div>
   <div class='ocr_carea' id='block_1_8' title="bbox 220 2734 1650 2852">
    <p class='ocr_par' dir='ltr' id='par_1_8' title="bbox 220 2734 1650 2852">
     <span class='ocr_line' id='line_1_35' title="bbox 341 2734 1649 2790; baseline 0 -15"><span class='ocrx_word' id='word_1_298' title='bbox 341 2735 387 2790; x_wconf 82' lang='lat'><strong>⁵)</strong></span> <span class='ocrx_word' id='word_1_299' title='bbox 416 2735 547 2777; x_wconf 86' lang='lat' dir='ltr'><strong>Deest</strong></span> <span class='ocrx_word' id='word_1_300' title='bbox 575 2743 769 2787; x_wconf 84' lang='lat' dir='ltr'><strong>„tamen“</strong></span> <span class='ocrx_word' id='word_1_301' title='bbox 799 2737 843 2778; x_wconf 88' lang='lat' dir='ltr'><strong>in</strong></span> <span class='ocrx_word' id='word_1_302' title='bbox 878 2737 997 2779; x_wconf 84' lang='lat' dir='ltr'><strong>editis</strong></span> <span class='ocrx_word' id='word_1_303' title='bbox 1055 2754 1086 2778; x_wconf 88' lang='lat' dir='ltr'><strong>e.</strong></span> <span class='ocrx_word' id='word_1_304' title='bbox 1120 2754 1152 2778; x_wconf 93' lang='lat' dir='ltr'><strong>c.</strong></span> <span class='ocrx_word' id='word_1_305' title='bbox 1183 2736 1225 2777; x_wconf 90' lang='lat' dir='ltr'><strong>in</strong></span> <span class='ocrx_word' id='word_1_306' title='bbox 1259 2737 1354 2778; x_wconf 84' lang='lat' dir='ltr'><strong>edd.</strong></span> <span class='ocrx_word' id='word_1_307' title='bbox 1384 2734 1495 2790; x_wconf 68' lang='grc' dir='ltr'><strong>Μ),</strong></span> <span class='ocrx_word' id='word_1_308' title='bbox 1537 2746 1576 2776; x_wconf 85' lang='lat' dir='ltr'><strong>et</strong></span> <span class='ocrx_word' id='word_1_309' title='bbox 1606 2735 1649 2776; x_wconf 89' lang='lat' dir='ltr'><strong>in</strong></span> 
     </span>
     <span class='ocr_line' id='line_1_36' title="bbox 220 2790 1650 2852; baseline -0.001 -19"><span class='ocrx_word' id='word_1_310' title='bbox 220 2790 434 2848; x_wconf 86' lang='lat' dir='ltr'><strong>plerisque</strong></span> <span class='ocrx_word' id='word_1_311' title='bbox 455 2791 568 2843; x_wconf 88' lang='lat' dir='ltr'><strong>Mss.,</strong></span> <span class='ocrx_word' id='word_1_312' title='bbox 598 2810 678 2835; x_wconf 89' lang='lat' dir='ltr'><strong>nec</strong></span> <span class='ocrx_word' id='word_1_313' title='bbox 708 2811 800 2836; x_wconf 88' lang='lat' dir='ltr'><strong>non</strong></span> <span class='ocrx_word' id='word_1_314' title='bbox 833 2806 872 2836; x_wconf 82' lang='lat' dir='ltr'><strong>et</strong></span> <span class='ocrx_word' id='word_1_315' title='bbox 902 2796 1017 2852; x_wconf 84' lang='lat' dir='ltr'><strong>apud</strong></span> <span class='ocrx_word' id='word_1_316' title='bbox 1084 2795 1284 2844; x_wconf 87' lang='lat' dir='ltr'><strong>abanum,</strong></span> <span class='ocrx_word' id='word_1_317' title='bbox 1313 2794 1388 2836; x_wconf 81' lang='lat' dir='ltr'><strong>sed</strong></span> <span class='ocrx_word' id='word_1_318' title='bbox 1419 2791 1650 2834; x_wconf 86' lang='lat' dir='ltr'><strong>restituitur</strong></span> 
     </span>
    </p>
   </div>
   <div class='ocr_carea' id='block_1_9' title="bbox 222 2848 700 2892">
    <p class='ocr_par' dir='ltr' id='par_1_9' title="bbox 222 2848 700 2892">
     <span class='ocr_line' id='line_1_37' title="bbox 222 2848 700 2892; baseline 0.004 -3"><span class='ocrx_word' id='word_1_319' title='bbox 222 2863 271 2889; x_wconf 86' lang='lat' dir='ltr'><strong>ex</strong></span> <span class='ocrx_word' id='word_1_320' title='bbox 303 2848 472 2891; x_wconf 90' lang='lat' dir='ltr'><strong>duobus</strong></span> <span class='ocrx_word' id='word_1_321' title='bbox 502 2848 602 2892; x_wconf 86' lang='lat' dir='ltr'><strong>Mss.</strong></span> <span class='ocrx_word' id='word_1_322' title='bbox 649 2849 700 2891; x_wconf 84' lang='lat' dir='ltr'><strong>R.</strong></span> 
     </span>
    </p>
   </div>
  </div>
 </body>
</html>
