1788 3111
255 124 344 170 244
599 122 823 165 Omonms
850 133 898 164 m
925 120 1005 166 Ep,
1033 131 1094 163 An
1125 119 1351 164 RomAnos

259 239 314 281 ad
367 237 509 293 ipsum
550 235 658 278 haec
703 234 948 285 beatitudo,
1007 235 1061 276 de
1088 234 1133 291 1)
1192 250 1276 290 qua
1327 235 1503 277 dicitur:
1560 237 1690 287 „bea-

258 313 386 369 tus2)
443 312 582 369 vir‚³)
635 311 704 354 cui
750 328 843 353 non
889 311 1115 368 imputavit
1164 311 1384 354 Dominus
1426 318 1690 368 peccatum.“

260 389 458 434 Ostendit
497 404 617 442 ergo,
660 390 757 445 quia
787 405 880 429 non
911 387 1085 430 cuilibet
1125 387 1342 430 Dominus
1382 406 1473 431 non
1509 391 1692 446 imputet

257 481 497 524 peccatum,
523 469 598 509 sed
628 465 680 516 ei,
710 465 784 522 qui
814 465 1055 516 crediderit,
1083 477 1264 521 propter
1278 466 1408 507 fidem
1438 483 1557 507 suam
1587 483 1689 522 pec-

260 557 352 588 cata
389 562 481 585 non
523 555 702 600 reputet.
768 542 888 584 Sicut
938 544 1050 584 enim
1102 543 1351 584 Abrahamo
1399 554 1593 598 reputata
1632 554 1691 585 est

259 623 364 663 fides
404 622 457 663 ad
498 619 723 677 justitiam,
768 620 824 661 ita
865 630 905 659 et
946 619 1065 661 omni
1097 622 1303 669 credenti,
1342 619 1410 661 cui
1426 617 1472 675 4)
1501 620 1604 661 fides
1636 620 1691 660 ad

259 699 460 757 justitiam
491 709 726 753 reputatur,
762 708 935 753 peccata
974 697 1121 753 utique
1150 715 1242 739 non
1271 698 1547 753 imputantur.
1605 696 1691 737 Ne-

261 793 344 833 que
375 776 488 817 enim
521 776 574 816 de
603 773 718 831 justis
750 774 864 823 dicit,
895 774 992 829 quia
1021 786 1240 831 reputetur
1258 774 1302 830 ⁵)
1335 775 1382 815 iis
1409 776 1512 816 fides
1540 775 1594 815 ad
1623 772 1691 830 ju-

257 853 424 896 stitiam.
484 851 618 906 Quod
634 850 679 905 6)
719 849 752 892 si
781 849 838 892 ita
869 863 1056 906 putetur,
1089 852 1191 907 quid
1208 851 1253 908 ⁷)
1291 851 1505 892 videbitur
1535 850 1690 903 gratiae

258 930 368 988 justo
401 928 589 984 reputari
619 923 818 984 justitiam
852 929 905 968 ad
935 926 1165 984 justitiam?
1237 928 1323 970 Sed
1353 929 1502 983 utique
1530 927 1592 968 illi
1624 928 1689 968 di-

260 1008 316 1049 cit
344 1008 473 1048 fidem
503 1016 742 1060 reputatam
774 1020 858 1046 esse
891 1006 944 1046 ad
974 1003 1197 1062 justitiam,
1228 1004 1325 1060 qui,
1353 1017 1580 1060 antequam
1613 1004 1689 1044 ha-

258 1085 379 1125 beret
409 1083 519 1124 hanc
549 1082 694 1131 fidem,
724 1080 923 1138 justitiam
953 1098 1044 1122 non
1078 1082 1281 1123 habebat:
1324 1094 1363 1122 et
1400 1082 1474 1122 iste
1517 1093 1574 1122 est
1604 1080 1688 1121 uti-

260 1177 343 1218 que
372 1161 537 1210 beatus,
568 1157 636 1199 cui
651 1156 697 1213 ⁸)
732 1157 850 1198 Deus
883 1169 1058 1212 accepto
1091 1159 1171 1198 fert
1202 1157 1400 1214 justitiam
1424 1157 1514 1198 sine
1545 1156 1687 1212 operi-

258 1239 352 1286 bus,
383 1248 422 1277 et
455 1235 523 1276 cui
553 1251 645 1275 non
675 1234 912 1289 imputatur
941 1245 1188 1289 peccatum3
1228 1234 1294 1275 cui
1335 1234 1458 1274 etiam
1489 1233 1687 1275 remissae

257 1325 355 1355 sunt
381 1312 634 1367 iniquitates,
666 1321 705 1352 et
737 1312 932 1360 obtecta,
962 1310 996 1351 si
1027 1327 1110 1366 qua
1142 1322 1261 1352 antea
1289 1313 1469 1358 fucrant,
1498 1321 1686 1365 peccata.

258 1389 397 1432 Simul
428 1401 568 1430 autem
600 1398 640 1428 et
670 1388 821 1428 edocet
859 1403 941 1428 nos
973 1388 1211 1439 diligentius
1250 1388 1471 1428 intendere
1498 1385 1686 1436 lectioni,

259 1484 356 1508 cum
372 1466 416 1520 9)
459 1477 546 1508 tam
585 1464 808 1515 vigilanter
846 1476 1013 1505 enarrat
1056 1481 1124 1514 ea,
1165 1481 1274 1520 quae
1311 1463 1467 1518 scripta
1503 1474 1601 1504 sunt
1633 1464 1685 1503 de

257 1543 502 1592 Abraham,
550 1540 648 1598 quia
688 1540 1000 1598 „reputata¹⁰)
1031 1553 1090 1582 est
1138 1542 1175 1584 ei
1203 1541 1309 1583 fides
1349 1541 1402 1581 ad
1442 1538 1684 1596 justitiam.“

376 1728 420 1781 Ι)
451 1728 523 1769 Sic
552 1728 660 1770 Msc.
700 1744 831 1780 unus;
878 1727 1033 1770 caeteri
1071 1744 1172 1769 vero
1214 1727 1313 1769 Mss.
1356 1739 1396 1768 et
1426 1727 1524 1769 editi
1555 1728 1615 1783 (v.
1648 1746 1681 1771 c.

256 1786 350 1827 edd.
380 1784 486 1839 ΜΛ)
518 1801 655 1840 „quae
686 1784 827 1825 d1c1t“
858 1784 908 1825 R.

369 1854 417 1907 2)
447 1852 602 1895 Psalm.
631 1853 816 1903 XXXII,
844 1854 883 1896 2.
913 1852 1123 1910 (ΧΧΧΙ.)
1157 1853 1254 1894 coll.
1285 1852 1411 1895 Rom.
1436 1852 1510 1905 IV,
1536 1853 1576 1897 8.

370 1923 416 1979 3)
446 1923 727 1964 Desideratur
755 1922 871 1973 „vir“
901 1923 945 1964 in
978 1925 1073 1964 edd.
1105 1922 1166 1964 M.

369 1994 415 2049 ⁴)
445 1993 556 2035 Edd.
592 1993 787 2035 Merlini:
822 2010 919 2035 cum
950 1994 1055 2035 fides
1087 2004 1163 2034 etc.

372 2063 417 2117 ⁵)
446 2063 526 2105 Ed.
558 2062 609 2104 R.
639 2064 752 2105 sola:
782 2074 1016 2119 reputatur.

370 2132 418 2187 ⁶)
449 2133 584 2176 Alias:
615 2133 779 2188 „Quod
807 2132 841 2175 si
874 2143 1154 2189 reputaretur
1157 2136 1181 2156 “
1209 2132 1261 2173 R.

369 2202 415 2256 7)
445 2202 526 2243 Ed.
564 2202 625 2244 Μ.
665 2202 706 2243 I:
746 2202 876 2257 „quid
921 2203 1133 2243 videbitur
1172 2204 1302 2253 gratia
1340 2201 1449 2258 iusto
1489 2203 1676 2257 reputari

251 2258 411 2323 justitia
454 2260 504 2299 ad
551 2257 810 2323 justitiamffi‘
867 2259 949 2300 Ed.
990 2258 1051 2300 M.
1090 2258 1140 2299 II.
1183 2260 1283 2322 (esu
1324 2271 1456 2300 textus
1485 2257 1675 2322 nos-ter)

248 2314 381 2378 ‘quid
411 2315 622 2356 videbitur
650 2315 826 2366 gratiae,
866 2314 976 2371 justo
1017 2316 1203 2370 reputari
1243 2313 1439 2370 justitiam
1473 2316 1525 2355 ad
1555 2315 1673 2370 Justi-

250 2370 373 2411 tiam.
365 2369 411 2398 '‘³“
459 2370 537 2411 Ed.
570 2370 746 2413 Ruaei
734 2389 778 2412 m
809 2383 943 2411 textu:
985 2387 1122 2425 „quae
1161 2371 1372 2412 videbitur
1405 2372 1531 2421 gtatia
1564 2371 1672 2425 justo

250 2424 467 2481 reputari?
521 2427 688 2468 Justitia
729 2428 782 2467 ad
822 2426 1081 2482 justitiam?“
1124 2438 1214 2475 etc„
1253 2428 1297 2467 in
1327 2427 1673 2476 notis:„01nnes

250 2481 349 2524 Mss.
379 2482 606 2523 mendose.
636 2482 878 2523 Iustitiam
908 2482 971 2524 ad
994 2480 1301 2538 justiciam““

365 2549 411 2604 8)
442 2549 567 2591 Rom.
596 2550 669 2601 IV,
698 2551 737 2593 6.
770 2553 805 2594 7-

366 2618 412 2674 ς’)
442 2618 574 2661 Alias:
600 2636 731 2685 „cum
760 2631 845 2661 tam
876 2618 1092 2670 vigilanter
1134 2636 1203 2670 ea,
1242 2637 1350 2676 quae
1388 2621 1546 2677 scripta
1575 2634 1673 2663 sunt

249 2699 326 2724 —-,
363 2675 463 2730 quia
505 2699 557 2708 —·
597 2675 820 2733 justitiam,
859 2677 1165 2717 commendans
1203 2680 1290 2718 vult
1337 2695 1359 2718 a
1400 2679 1552 2719 nobis*
1594 2690 1669 2719 etc.

246 2731 361 2772 Alias
389 2731 448 2787 (v.
483 2748 517 2773 c.
547 2731 591 2773 in
633 2734 728 2775 edd.
769 2731 853 2788 Μ.)
891 2733 1005 2773 deest
1050 2739 1270 2784 „enai-ruffi
1326 2746 1366 2775 et
1418 2751 1669 2785 „commen-

249 2789 364 2829 dans
369 2792 392 2811 “
422 2785 473 2828 R.
504 2811 561 2820 --

338 2854 410 2910 ¹⁰)
440 2855 566 2900 Rom.
595 2856 669 2908 IV,
697 2857 735 2901 9.
