1788 3111
228 109 313 158 128
566 107 792 153 Omessms
817 122 866 152 m
895 108 973 154 Ep,
1001 120 1062 152 An
1095 93 1321 153 Rommos

228 223 483 276 alienigenas
535 239 622 266 una
675 224 909 279 eademque
961 224 1053 276 lege
1102 223 1322 272 connecti,
1372 221 1658 274 significanter

229 299 512 356 ostendat?¹)
569 300 697 351 Audi,
728 300 830 356 quid
860 301 1065 358 scriptum
1095 301 1161 343 sit.
1214 299 1295 351 „Et
1309 297 1358 354 ²)
1387 300 1554 342 locutus
1584 311 1657 350 est,

225 378 379 435 inquit,
408 378 625 420 Dominus
655 379 711 420 ad
741 377 908 426 Mosen,
938 378 1101 420 dicens:
1129 378 1312 433 loquere
1341 377 1394 418 ad
1424 377 1586 428 Aaron,
1614 387 1656 418 et

227 457 283 498 ad
311 455 423 498 filios
456 453 565 511 ejus,
607 466 648 495 et
678 456 731 496 ad
765 471 913 496 omnes
942 454 1054 497 filios
1083 455 1234 504 Israel,
1263 465 1304 495 et
1333 453 1444 495 dices
1475 455 1530 496 ad
1559 469 1655 496 eos:

224 533 361 575 homo
393 548 442 573 ex
470 532 566 573 filiis
596 531 738 582 Israel,
768 532 832 571 vel
864 547 912 572 ex
942 530 1125 580 advenis,
1155 530 1229 587 qui
1257 531 1418 573 fuerint
1448 530 1494 572 in
1518 530 1654 581 vobis,

225 610 472 667 quicunque
498 607 819 650 manducaverit
851 622 1024 649 omnem
1052 608 1323 660 sanguinem,
1350 619 1533 650 statuam
1561 607 1654 650 ani-

224 704 341 729 mam
384 702 526 728 meam
568 702 698 742 super
744 684 932 726 animam
976 685 1116 734 illam,
1166 701 1276 741 quae
1330 684 1654 727 manducaverit

221 763 483 816 sanguinem,
515 775 554 805 et
584 764 828 819 disperdam
860 779 951 804 eam
984 763 1037 803 de
1065 763 1233 818 populo
1265 780 1358 813 suo,
1388 762 1486 819 quia
1510 761 1652 804 anima

225 843 363 883 omnis
394 841 530 882 carnis
565 840 733 892 sanguis
763 839 874 882 illius
906 850 974 882 est.
1032 839 1088 880 Et
1121 855 1196 891 ego
1236 838 1335 881 dedi
1364 839 1485 881 vobis
1512 839 1651 888 illum,

220 930 269 960 ut
299 935 345 960 ex
374 917 467 974 ipso
497 934 625 973 supra
656 918 787 958 altare
824 917 1081 972 propitietur
1117 934 1198 973 pro
1232 917 1454 960 animabus
1493 915 1651 965 vestris,

221 995 320 1052 quia
355 995 522 1046 sanguis
566 1011 647 1050 pro
689 994 831 1035 anima
879 993 1075 1049 expiabit.
1150 992 1386 1048 Propterea
1427 993 1512 1035 dixi
1551 992 1648 1035 filiis

220 1073 374 1114 Israel:
407 1071 545 1113 omnis
577 1070 716 1112 anima
748 1087 795 1112 ex
817 1070 937 1112 vobis
967 1087 1060 1111 non
1080 1071 1356 1113 manducabit
1385 1070 1650 1122 sanguinem,

222 1160 263 1191 et
292 1150 476 1197 advena,
509 1146 753 1204 quicunque
782 1148 909 1189 fuerit
937 1147 1042 1205 in3)
1073 1148 1214 1198 vobis,
1251 1165 1343 1190 non
1373 1148 1649 1189 manducabit

217 1225 508 1277 sanguinem.“
564 1225 694 1266 Vides
736 1240 835 1276 ergo
877 1225 988 1266 hanc
1026 1228 1079 1267 de
1110 1225 1406 1267 observatione
1432 1224 1647 1276 sanguinis

216 1303 374 1355 legem,
419 1317 529 1356 quae
568 1301 856 1342 communiter
896 1314 936 1342 et
973 1302 1068 1343 filiis
1103 1301 1231 1344 Israel
1276 1313 1316 1342 et
1346 1301 1517 1343 advenis
1548 1302 1647 1342 data

217 1390 297 1428 est,
329 1378 544 1419 observari
575 1378 701 1419 etiam
735 1394 756 1418 a
786 1378 935 1428 nobis,
965 1378 1039 1434 qui
1071 1395 1117 1419 cx
1151 1377 1358 1420 Gentibus
1387 1396 1467 1435 per
1494 1378 1645 1421 Jesum

217 1455 435 1497 Christum
461 1455 673 1497 credimus
691 1455 802 1497 Deo.
860 1455 949 1497 Nos
981 1455 1095 1497 enim
1124 1455 1362 1514 proselytos
1393 1468 1431 1497 et
1461 1457 1643 1497 advenas

215 1533 437 1589 Scriptura
478 1532 707 1574 nominare
751 1532 989 1582 consuevit,
1035 1549 1133 1574 cum
1178 1531 1301 1574 dicit:
1352 1533 1640 1588 ,‚advena‚⁴)

215 1608 350 1666 qui⁵)
384 1621 442 1652 est
468 1609 515 1650 in
543 1620 598 1660 te,
628 1612 856 1652 adscendet
882 1627 1009 1666 super
1038 1622 1078 1651 te
1106 1627 1286 1658 sursum,
1319 1622 1363 1652 tu
1394 1622 1535 1651 autem
1567 1611 1642 1651 de-

211 1688 386 1729 scendes
417 1687 631 1729 deorsum.
683 1686 779 1743 Ipse
810 1686 888 1727 erit
917 1686 994 1728 tibi
1024 1698 1162 1742 caput,
1191 1697 1233 1727 tu
1268 1697 1407 1728 autem
1440 1687 1517 1728 eris
1550 1685 1638 1743 ejus

213 1765 389 1806 cauda.“
426 1763 530 1804 Ideo
564 1779 665 1815 ergo
696 1765 830 1821 legem
871 1765 924 1804 de
955 1764 1249 1805 observatione
1274 1763 1486 1814 sanguinis
1517 1780 1637 1804 com-

211 1856 386 1882 munem
408 1856 505 1882 cum
524 1840 618 1882 filiis
639 1841 766 1883 Israel
788 1841 913 1882 etiam
946 1840 1148 1881 Gentium
1178 1840 1419 1896 suscepitss)
1450 1841 1635 1883 ccclesia.

211 1917 330 1959 Haec
357 1933 544 1973 namque
572 1919 630 1960 ita
647 1917 691 1974 ⁷)
720 1917 954 1969 intelligens
973 1917 1016 1958 in
1038 1918 1128 1969 lege
1143 1918 1310 1973 scripta,
1338 1928 1440 1958 tunc
1461 1920 1634 1960 beatum

208 1996 314 2038 illud
346 1995 659 2052 Apostolorum
689 1995 918 2036 concilium
952 1996 1230 2043 decernebat,
1259 1996 1457 2046 dogmata
1490 2007 1529 2036 et
1560 1997 1633 2036 de·-

211 2083 324 2114 creta
357 2071 565 2113 Gentibus
602 2072 812 2121 scribens,
851 2084 898 2113 ut
925 2071 1240 2128 abstinerentss)
1282 2088 1326 2113 se
1361 2088 1453 2113 non
1491 2073 1630 2114 solum

208 2151 262 2190 ab
293 2150 368 2200 his,
398 2166 507 2206 quae
526 2149 652 2190 idolis
672 2147 966 2198 immolantur,
996 2161 1037 2191 et
1058 2165 1081 2190 a
1099 2148 1397 2199 fornicatione,
1424 2152 1499 2193 sed
1530 2161 1567 2191 et
1585 2149 1630 2205 ⁹)

324 2295 368 2348 ¹)
397 2296 508 2337 Edd.
541 2295 736 2337 Mm-lini:
769 2296 963 2338 ostendit.

315 2365 361 2420 ²)
394 2366 560 2408 Levitic.
590 2367 728 2417 XVII,
759 2371 795 2411 1.
826 2370 865 2410 2.
897 2368 1097 2412 10—12.

319 2436 366 2489 3)
398 2436 727 2479 Edd.Me1-lini:
760 2454 806 2479 ex
838 2437 970 2479 vobis.

319 2505 365 2560 4>
395 2506 708 2549 Deuteronom.
737 2508 938 2556 XXVffl,
966 2508 1033 2549 43.
1061 2507 1131 2549 44.

319 2576 364 2631 ⁵)
385 2575 499 2618 Editi
519 2576 575 2633 (v.
591 2594 622 2619 c.
636 2579 729 2619 edd.
742 2576 826 2633 M.)
847 2594 928 2633 pro
947 2577 1047 2632 „qui
1064 2581 1146 2618 est“
1168 2576 1337 2618 habent:
1357 2574 1554 2632 quidem.
1576 2575 1622 2617 R.

317 2645 363 2702 ⁶)
396 2645 504 2688 Edd.
535 2645 729 2688 Merlini:
761 2647 944 2702 suscipit.
1160 2700 1162 2703 Ι

317 2718 361 2771 ⁷)
393 2715 442 2756 In
481 2717 545 2757 ed.
585 2715 855 2759 Geuebrardi
896 2717 1063 2772 (itemq.
1100 2716 1142 2758 in
1185 2717 1249 2757 ed.
1288 2715 1348 2757 Μ.
1379 2714 1453 2771 Π.)
1494 2715 1619 2766 ‚‚ita“

201 2772 419 2814 omittitur.
457 2771 506 2812 R.

314 2841 360 2896 8)
391 2844 481 2883 Act.
515 2841 609 2894 XV,
637 2845 704 2886 20.
830 2843 875 2898 9)
907 2843 1035 2886 Deest
1066 2847 1157 2894 ‚‚et“
1186 2841 1231 2884 in
1264 2843 1327 2884 cd.
1362 2842 1507 2884 Ruaei.
