1788 3111
483 101 924 144 Conmmmmonum
954 102 1046 143 Lm.
1076 103 1150 144 lv.
1444 102 1525 146 261

109 212 283 266 gratiam
314 213 358 254 in
388 226 616 270 conspectu
655 211 858 269 principis
889 213 1104 256 carceris.“
1163 216 1358 271 Amplius
1387 216 1526 256 adhue

106 290 266 346 aliquid
299 292 351 332 dc.
382 290 628 348 hujusmodi
665 288 791 343 gratia
833 289 876 330 in
908 290 1056 331 divinis
1103 290 1233 333 literis
1263 304 1527 334 memoratur

105 368 159 407 de
187 369 310 408 beata
341 369 504 409 Esther.
563 367 632 410 Sic
666 366 778 408 enim
808 366 884 407 ait:
926 367 1022 423 quia
1063 368 1238 422 ‚‚erat¹)
1276 369 1431 410 Esther
1459 368 1524 409 in-

103 445 273 486 veniens
303 445 475 498 gratiam
507 446 621 500 apud
654 460 820 493 omnes,
860 444 932 500 qui
963 444 1164 486 videbant
1196 451 1329 486 eam.“
1388 446 1524 487 Paulo

104 533 200 576 post
245 521 346 562 dicit
388 521 626 577 Scriptura:
687 520 929 576 „invenit²)
983 522 1156 574 gratIam
1202 523 1356 563 Esther
1399 540 1525 578 super

107 615 253 639 omnes
283 610 464 639 caeteras
494 597 694 651 virgines,
726 610 767 638 et
795 598 998 654 imposuit
1032 598 1068 639 ei
1101 616 1170 639 rex
1203 599 1397 640 diadema
1426 617 1521 640 mu—

105 675 279 716 liebre.“
326 674 502 729 Haec3)
532 687 674 715 autem
703 691 792 715 non
810 674 1070 730 importune,
1101 675 1298 724 arbitror,
1329 677 1382 715 de
1408 675 1521 716 Scri—

106 753 240 807 pturis
278 751 428 793 sanctis
461 751 752 806 requisivimus
797 754 851 792 ad
882 752 1252 793 confirmationem
1285 750 1521 807 Apostolici

104 827 216 878 dicti,
247 828 290 869 in
323 845 407 883 quo
439 829 492 868 de
517 829 601 868 side
628 840 666 868 et
687 828 816 880 gratia
844 828 1039 883 disputat.
1086 828 1157 869 Ait
1182 845 1303 881 ergo:
1336 827 1521 882 „ideo‘¹)

103 922 149 945 ex
182 906 278 954 fide,
308 917 354 945 ut
383 906 617 946 secundum
649 904 824 957 gratiam
865 906 983 945 firma
1025 905 1076 946 sit
1105 905 1372 961 promissio.“
1430 907 1519 946 Sed

101 994 141 1021 et
173 983 254 1022 hoc
284 984 522 1023 notandum
553 993 625 1032 est,
656 983 771 1036 quod
805 982 881 1023 ait:
923 982 1046 1032 „ideo
1078 999 1124 1024 ex
1157 984 1263 1031 fide,
1295 995 1341 1022 ut.
1372 999 1520 1023 secun—

101 1060 204 1098 dum
235 1059 409 1112 gratiam
440 1060 562 1099 firma
593 1058 644 1099 sit
660 1058 937 1114 promissio:“
969 1059 1086 1116 quasi
1110 1061 1334 1101 ostendere
1364 1058 1522 1107 volens,

103 1137 243 1190 quod,
283 1136 316 1178 si
348 1153 395 1177 ex
427 1137 517 1188 lege
549 1147 653 1176 esset
685 1149 725 1177 et
756 1154 845 1178 non
876 1155 923 1179 ex
953 1137 1082 1190 gratia
1112 1134 1360 1193 promissio,
1399 1136 1520 1175 firma

101 1229 191 1252 non
222 1224 350 1263 esset;
389 1229 504 1252 nunc
547 1224 687 1252 autem
726 1213 886 1255 idcirco
929 1216 1051 1255 firma
1091 1214 1165 1264 sit,
1207 1212 1304 1268 quia
1342 1229 1431 1251 non
1473 1227 1520 1251 ex

102 1291 204 1341 lege,
235 1290 308 1329 sed
338 1305 415 1343 per
454 1289 640 1340 gratiam.
698 1290 746 1330 ln
786 1307 871 1345 quo
918 1307 993 1343 ego
1033 1301 1139 1345 puto
1181 1291 1299 1345 quod
1330 1289 1412 1328 tale
1442 1287 1518 1328 ali-

103 1365 204 1420 quid
235 1365 410 1418 intelligi
442 1365 562 1416 velit,
610 1367 728 1421 quia,
776 1384 883 1423 quae
926 1386 973 1408 ex
1013 1367 1104 1420 lege
1133 1379 1254 1415 sunt,
1299 1377 1411 1406 extra
1441 1381 1519 1405 nos

102 1453 210 1492 sunt,
243 1459 350 1497 quae
379 1454 518 1482 autem
550 1460 626 1498 per
655 1444 842 1495 gratiam,
872 1444 980 1484 intra
1011 1461 1091 1484 nos
1121 1444 1341 1483 habentur.
1388 1441 1519 1483 Verbi

102 1536 239 1567 causa,
274 1536 381 1574 quae
411 1519 455 1559 in
498 1521 588 1572 lege
618 1520 768 1575 scripta
799 1532 910 1569 sunt,
944 1521 1106 1562 calamo
1141 1532 1181 1560 et
1211 1531 1445 1560 atramento
1475 1519 1521 1559 in

100 1595 358 1636 membranis
388 1597 453 1636 vel
487 1597 686 1638 chartulis
717 1596 869 1651 scripta
891 1608 1011 1637 sunt:
1045 1613 1152 1652 quae
1174 1608 1314 1636 autem
1346 1612 1394 1636 ex
1425 1612 1517 1648 gra—

101 1672 157 1712 tia
198 1674 484 1721 descendunt,
513 1673 606 1728 [per
638 1672 845 1728 Spiritum
889 1673 974 1714 Dei
1011 1673 1054 1713 in
1096 1674 1226 1713 corde
1262 1685 1410 1713 nostro
1443 1674 1515 1712 de—

99 1749 250 1804 scripta
291 1761 408 1799 sunt,
452 1749 557 1790 sicut
600 1749 715 1790 idem
759 1749 849 1805 ipse
890 1749 1124 1805 Apostolus
1162 1749 1353 1790 minister
1391 1748 1523 1805 hujus

100 1826 253 1878 gratiae
292 1825 336 1865 in
375 1825 464 1867 aliis
505 1827 712 1879 designat,
744 1838 785 1867 et
815 1825 935 1866 dicit:
969 1826 1172 1881 „epistola
1195 1826 1239 1881 ⁵)
1269 1838 1414 1867 nostra
1443 1842 1517 1866 vos

101 1902 215 1952 estis,
245 1902 443 1957 inscripta
474 1920 564 1943 non
595 1915 850 1952 atramento,
890 1903 962 1943 sed
995 1902 1155 1957 Spiritu
1186 1904 1270 1944 Dei
1300 1903 1393 1951 vivi,
1424 1919 1514 1942 non

98 1980 141 2018 in
173 1979 325 2031 tabulis
355 1979 545 2034 lapideis,
576 1981 646 2020 sed
678 1980 721 2020 in
739 1979 893 2020 tabulis
912 1979 1052 2020 cordis
1076 1980 1354 2020 carnalibus.“
1398 1980 1516 2027 Ideo,

99 2068 146 2096 ut
175 2054 278 2095 mihi
302 2055 478 2104 videtur,
510 2055 697 2096 firmiora
726 2057 827 2096 dicit
853 2073 913 2105 ea,
946 2072 1052 2111 quae
1071 2073 1149 2112 per
1170 2055 1356 2109 gratiam,
1389 2071 1516 2110 quam

101 2150 160 2181 ea,
194 2148 301 2187 quae
332 2148 379 2172 ex
409 2132 500 2184 lege
531 2143 647 2172 sunt:
691 2132 787 2186 quia
825 2131 897 2172 illa
933 2144 1044 2173 extra
1073 2149 1152 2173 nos
1183 2144 1302 2182 sunt,
1343 2143 1383 2172 et
1412 2133 1516 2172 haec

98 2209 208 2249 intra
239 2225 335 2249 nos:
368 2219 408 2248 et
436 2207 508 2248 illa
538 2208 581 2247 in
610 2208 746 2261 fragili
783 2209 956 2250 materia
989 2209 1243 2258 consistunt,
1280 2208 1338 2248 ita
1377 2219 1425 2248 ut
1454 2209 1516 2248 sa-

100 2284 177 2325 cile
208 2283 369 2340 possint
408 2285 664 2334 exolescere,
710 2287 812 2327 haec
850 2302 950 2327 vero
992 2285 1074 2327 Dei
1113 2284 1274 2341 Spiritu
1303 2283 1516 2339 inscripta,

100 2374 140 2403 et
169 2362 212 2402 in
243 2361 407 2403 animae
437 2362 727 2417 penetralibus
765 2363 988 2419 impressa,
1027 2362 1268 2403 firmitatem
1298 2362 1513 2418 perpetui-

216 2576 260 2632 ¹)
289 2578 453 2619 Esther.
487 2579 540 2627 H,
571 2578 637 2620 15.
758 2578 803 2633 ²)
834 2576 942 2618 lbid.
974 2576 1025 2626 lt,
1058 2579 1123 2621 17.

214 2645 262 2698 3)
290 2647 372 2688 Ed.
409 2648 472 2688 M.
511 2649 553 2688 I:
594 2648 715 2697 „Hoc
756 2659 897 2687 autem
937 2663 1025 2686 non
1057 2644 1242 2685 arbitror
1272 2643 1512 2699 importune

103 2700 132 2740 si
168 2702 248 2741 de“
277 2714 367 2752 etc„
397 2704 462 2744 ed.
493 2704 555 2745 M.
586 2704 646 2745 ll:
689 2704 810 2755 „Hoc
850 2714 990 2744 autem
1019 2718 1108 2743 non
1139 2700 1322 2742 arbitror
1350 2699 1511 2756 impor-

101 2772 202 2798 tune
233 2769 271 2798 et
305 2759 384 2798 ἆσέ*
414 2770 488 2801 etc.

218 2825 264 2882 ⁴)
295 2828 420 2870 Rom.
452 2828 524 2878 IV,
555 2828 619 2874 16,
741 2828 784 2883 ³)
817 2831 858 2871 ΙΙ
892 2828 991 2870 Cor.
1022 2828 1097 2876 III,
1127 2828 1165 2871 3,
