1788 3111
200 95 286 141 296
535 93 770 137 Omonms
799 106 845 137 m
874 93 952 136 ΕΡ.
981 104 1041 136 An
1072 93 1297 139 RomAnos

203 208 430 262 gloriatur,
468 217 508 249 et
543 206 589 249 in
625 207 841 249 intellectu
880 205 1141 264 judiciorum
1172 205 1285 264 ejus,
1317 217 1356 248 et
1385 206 1627 250 misericor-

206 285 314 334 diae,
344 295 383 325 et
410 282 604 342 justitiae,
631 283 905 326 laudabiliter
934 283 1148 335 gloriatur.
1209 283 1319 325 Cum
1351 299 1449 336 ergo
1481 300 1626 327 sermo

203 362 280 404 iste
310 363 364 403 ad
395 372 623 417 utrumque
653 360 859 417 respiciat,
890 360 1196 415 requirendum
1213 360 1341 402 nobis
1373 372 1444 412 est,
1473 361 1518 402 in
1534 361 1630 417 qui·

204 439 284 480 bus
314 448 426 479 recta
448 436 491 492 ¹)
522 437 716 489 gloriatio
759 436 832 486 sit,
873 447 912 477 et
954 436 998 477 in
1042 436 1195 492 quibus
1224 437 1365 479 minus
1394 449 1509 479 recta
1538 438 1632 489 glo-

205 514 347 559 riatio.
406 513 541 568 Quod
569 514 626 556 ita
657 515 829 555 demum
860 513 1096 568 poterimus
1127 529 1368 565 agnoscere,
1396 514 1430 555 si
1459 524 1632 555 naturas

206 607 351 634 rerum
393 590 651 645 competenti
700 588 970 631 distinctione
1012 601 1240 633 teneamus.
1305 589 1441 644 Quod
1491 602 1634 631 autem

207 667 402 716 dicimus,
440 668 524 708 tale
566 678 635 708 est.
711 666 890 715 Omnia,
930 682 1039 721 quae
1077 678 1174 708 sunt
1212 667 1278 707 vel
1318 678 1521 718 aguntur,
1563 677 1636 707 aut

205 746 325 786 bona
355 755 464 793 sunt,
494 754 566 784 aut
593 744 717 792 mala,
749 754 820 784 aut
848 742 1146 784 indifferentia.
1203 743 1273 785 De
1302 745 1454 799 quibus
1484 759 1636 798 quam.-

206 821 267 864 vis
296 821 424 862 latior
464 819 613 864 haberi
657 821 807 861 debeat
839 819 1093 876 disputatio,
1130 832 1292 870 tamen,
1329 831 1535 876 quantum
1579 819 1635 861 ad

207 909 478 955 praesentem
508 899 655 940 locum
685 896 853 947 sufficit,
881 899 1160 953 proferemus.
1219 896 1346 938 Bona
1370 897 1441 937 illa
1472 907 1635 937 certum

211 986 272 1017 est
320 974 500 1031 proprie
545 973 651 1022 dici,
700 989 808 1028 quae
854 976 908 1016 ad
952 977 1122 1016 virtutes
1161 974 1290 1016 animi
1326 972 1560 1029 pertinent3
1596 982 1636 1013 et

209 1052 324 1092 mala
354 1067 401 1091 ea
430 1051 522 1092 sola
552 1048 733 1099 definiri,
763 1066 871 1105 quae
901 1052 954 1092 ad
985 1051 1190 1093 malitiam
1220 1061 1431 1107 spectant,
1460 1061 1501 1090 et
1531 1065 1636 1090 con-

208 1138 273 1170 tra
314 1129 451 1180 legem
492 1127 576 1168 Dei
615 1136 817 1177 aguntur:
871 1138 1033 1168 caetera
1070 1144 1169 1168 vero
1211 1126 1499 1170 indifferentia
1538 1139 1638 1174 esse,

209 1204 257 1246 id
288 1216 368 1255 est,
405 1202 606 1259 neque2)
636 1204 776 1251 bona,
814 1218 955 1258 neque
998 1205 1110 1245 mala
1142 1203 1428 1251 nominanda,
1464 1213 1512 1242 ut
1537 1211 1637 1243 sunt

213 1281 393 1330 divitiae,
422 1280 580 1336 species
613 1278 819 1334 corporis,
850 1291 890 1320 et
929 1281 1162 1331 fortitudo,
1200 1280 1265 1321 vel
1294 1277 1543 1335 proceritas,
1574 1288 1637 1319 at-

212 1374 296 1413 que
328 1373 389 1408 ea,
419 1372 529 1413 quae
560 1356 754 1412 corporis
783 1356 927 1398 usibus
955 1358 1154 1399 serviunt.
1214 1357 1260 1398 Si
1295 1355 1387 1411 quis
1416 1354 1543 1407 igitur
1572 1354 1638 1396 di-

211 1434 482 1477 stinctionem
515 1432 757 1474 diversitatis
796 1431 920 1490 hujus
949 1435 1138 1486 ignorat,
1181 1445 1221 1475 et
1251 1433 1457 1486 gloriatur
1483 1430 1530 1472 in
1559 1431 1638 1482 his,

212 1526 323 1566 quae
351 1527 440 1551 non
471 1520 570 1552 sunt
605 1525 703 1550 vere
731 1510 872 1560 bona,
916 1527 996 1552 ncc
1033 1512 1089 1553 ad
1117 1510 1314 1551 virtutem
1344 1508 1476 1550 animi
1504 1509 1638 1565 perti-

211 1598 330 1638 nent,
362 1586 633 1643 culpabiliter
662 1588 876 1638 gloriatur.
934 1587 1092 1629 Paulus
1121 1603 1247 1636 vem,
1280 1586 1352 1642 qui
1380 1586 1426 1630 in
1456 1585 1519 1628 his
1549 1597 1638 1628 erat

212 1663 496 1719 peritissimus,
527 1680 622 1704 cum
642 1663 819 1713 dixisset,
849 1664 947 1719 quia
976 1660 1294 1719 „gloriamur-⁶¹)
1324 1662 1367 1705 in
1395 1662 1637 1703 tribulatio..

213 1741 341 1781 nibus
370 1740 524 1782 nostris
538 1746 574 1789 ,“
615 1757 669 1781 ne
707 1742 819 1782 forte
858 1751 1080 1795 putaretur
1116 1740 1160 1780 in
1201 1741 1326 1781 rebus
1353 1738 1635 1781 indifferenti-

214 1816 294 1857 bus
325 1827 364 1856 et
391 1815 541 1857 mediis
572 1816 755 1869 gloriari,
786 1817 927 1858 reddit
941 1816 1148 1858 continuo
1175 1816 1398 1866 rationem,
1428 1827 1467 1857 et
1494 1816 1637 1857 osten-⁴

217 1892 290 1942 dit,
313 1894 432 1948 quod
460 1893 655 1944 gloriatio
686 1910 773 1944 sua,
803 1910 930 1949 quam
960 1893 1006 1934 in
1034 1892 1380 1934 tribulationibus
1410 1892 1550 1941 habet,
1580 1893 1635 1933 ad

215 1969 385 2013 virtutes
425 1968 557 2015 animi
590 1968 809 2024 pertineat,
875 1968 1049 2024 Dicit4)
1091 1969 1225 2020 enim,
1267 1969 1365 2025 quia
1402 1969 1642 2019 tribulatio,

216 2064 299 2105 pro
340 2064 424 2102 qua
462 2044 644 2098 glorior,
694 2045 939 2101 patientiam
993 2058 1245 2102 „operatur,
1283 2045 1486 2101 patientia
1533 2062 1634 2087 vero

216 2124 535 2179 probationem,
563 2123 765 2178 probatio
796 2139 896 2163 vero
926 2139 1064 2178 spem:
1095 2139 1186 2178 spes
1204 2139 1302 2164 vero
1330 2139 1423 2163 non
1454 2124 1636 2163 confun-

219 2200 291 2249 dit,
322 2202 420 2255 quia
450 2200 596 2241 caritas
634 2199 717 2240 Dei
762 2199 914 2240 diffusa
957 2211 1014 2241 cst
1049 2200 1093 2242 in
1141 2201 1341 2242 cordibus
1377 2199 1530 2241 nostris
1560 2216 1638 2257 per

219 2275 427 2330 Spiritum
445 2279 684 2317 sanctum:“
716 2275 816 2316 etin
847 2275 909 2317 his
941 2278 1102 2325 edocet,
1132 2278 1249 2332 quod
1271 2293 1348 2333 per
1363 2278 1635 2318 succedentes

216 2351 297 2396 sibi
326 2351 493 2393 virtutes
523 2351 718 2405 gloriatio
748 2351 1071 2397 tribulationum
1109 2369 1243 2408 usque
1282 2355 1333 2395 ad
1373 2354 1506 2396 sancti
1536 2353 1636 2408 Spi-

338 2518 383 2573 1)
413 2517 521 2559 Edd.
554 2517 748 2558 Mcrlini:
779 2530 890 2559 recta
922 2517 1138 2569 gloriatio,
1170 2530 1208 2559 ct
1238 2517 1282 2558 in
1312 2518 1463 2574 quibus
1494 2519 1635 2563 minus.

218 2586 334 2618 recta
363 2573 559 2626 gloriatio
588 2574 649 2615 sit.
709 2573 840 2628 Quod
872 2586 946 2615 cte.

337 2643 384 2698 ²)
415 2643 485 2684 Sic
517 2661 664 2684 omncs
703 2643 801 2684 Mss.
842 2644 996 2693 nostri,
1036 2656 1075 2684 ct
1114 2643 1326 2685 Rabanus.
1381 2644 1495 2686 Editi
1534 2662 1634 2688 vcro

220 2699 279 2755 (v.
319 2717 352 2740 c.
393 2701 487 2741 edd.
529 2700 632 2754 M.):
679 2715 844 2753 „noque
893 2700 1031 2750 bona,
1073 2717 1151 2741 nec
1199 2717 1307 2756 quae
1350 2702 1403 2741 ad
1442 2701 1635 2748 virtutem

221 2755 351 2799 animi
379 2757 602 2812 pertinent,
631 2773 769 2812 neque
800 2757 911 2796 mala
941 2756 1230 2799 nominandm‘
1254 2764 1335 2798 cte.
1367 2756 1413 2798 R.

339 2825 385 2880 ³)
416 2824 539 2866 Rom.
570 2826 622 2876 V,
650 2825 690 2867 3.
813 2824 858 2879 ⁴)
889 2824 1014 2867 Rom.
1046 2826 1096 2876 V,
1124 2829 1162 2871 3·
1195 2827 1230 2871 ¹1.
1261 2829 1300 2873 5.,
