1788 3111
209 87 294 131 384
550 83 772 125 omem-rs
801 95 847 123 m
877 82 956 123 ΕΡ.
988 92 1048 124 An
1082 82 1309 124 RoMAmos

213 197 466 256 consepeliri
507 197 693 238 Christo.
762 195 873 251 Et.¹)
917 211 1007 237 non
1056 206 1144 236 erat
1185 195 1332 250 utique
1373 195 1643 246 conveniens,

211 291 272 328 ut,
299 277 375 318 ubi
406 278 459 317 de
491 287 631 316 morte
663 274 845 323 dicebat,
876 274 940 314 vel
970 272 1143 314 Patrem
1169 274 1426 321 nominaret,
1456 274 1518 313 vel
1546 272 1645 329 Spi-

210 356 340 397 ritum
370 365 577 395 sanctum.
645 352 864 403 „Verbum
883 349 929 405 ²)
970 351 1083 392 enim
1124 366 1222 391 caro
1263 351 1423 391 factum
1457 355 1564 401 est,“
1605 361 1645 390 et

214 432 382 482 merito,
413 431 490 473 ubi
521 448 620 472 caro
655 441 730 478 est,
758 428 818 470 ibi
851 429 904 469 de
933 438 1074 469 morte
1104 438 1320 469 tractatur.
1379 428 1469 468 Nec
1490 443 1645 469 conve-

209 511 368 558 niebat,
398 521 446 550 ut
476 509 656 550 diceret:
695 504 1031 561 „quicunque3)
1062 504 1261 561 baptizati
1289 510 1460 546 sumus“
1490 504 1533 545 in
1563 521 1646 546 no-

211 590 326 630 mine
345 587 496 636 Patris,
526 586 590 626 vel
618 584 661 625 in
679 582 857 624 nomine
876 582 1057 638 Spiritus
1085 582 1229 631 sancti,
1259 583 1302 623 in
1327 593 1495 631 „morte
1514 580 1646 637 ipsius

210 665 412 723 baptizati
441 668 625 706 sumus.“
689 660 819 702 Unde
859 660 1124 701 observanda
1165 671 1223 701 est
1261 675 1308 699 ex
1324 657 1368 714 ¹¹)
1411 659 1496 699 hoe
1535 659 1637 699 loco

214 746 339 786 etiam
370 743 414 783 in
447 739 618 781 cacteris
650 739 916 779 consuetudo
949 736 1161 793 Apostoli,
1194 737 1313 792 quod
1343 752 1433 777 non
1464 750 1646 791 semper,

215 835 312 861 cum
344 818 503 873 aliquid
545 832 591 857 ex
632 815 861 871 Scripturis
903 814 1096 864 assumit,
1125 813 1335 864 integrum
1364 824 1522 854 textum
1553 827 1647 852 ver-

212 899 393 946 borum,
434 907 483 936 ut
522 894 565 935 in
597 911 674 935 suo
717 895 817 934 loco
847 891 1006 948 positus
1039 900 1117 938 est,
1149 889 1343 939 assumit,
1371 891 1445 932 sed
1477 906 1523 930 ea
1552 900 1648 929 tan-

212 988 317 1024 tum,
350 989 457 1028 quae
494 971 723 1027 praesentis
763 985 910 1012 causae
949 967 1127 1023 requirit
1166 967 1360 1009 assertio:
1404 965 1573 1021 sicut⁵)
1607 976 1647 1006 et

212 1053 259 1093 in
290 1049 503 1107 praesenti
531 1064 755 1097 sermone,
800 1045 898 1101 quia
930 1047 983 1086 de
1014 1056 1154 1084 morte
1188 1043 1344 1084 Christi
1384 1045 1541 1084 docere
1575 1059 1649 1083 cu-

213 1129 370 1186 piebat,
408 1124 632 1181 suffecitss)
684 1125 721 1166 ei
763 1124 927 1166 dicere:
965 1120 1299 1177 „quicunque7)
1340 1119 1542 1176 baptizati
1577 1135 1648 1161 su-

212 1224 306 1248 mus
335 1205 380 1245 in
414 1203 605 1251 Christo,
645 1202 691 1242 in
731 1212 871 1242 morte
895 1199 1025 1255 ipsius
1055 1198 1256 1254 baptizati
1287 1214 1441 1240 sumus.
1454 1201 1477 1220 “
1536 1194 1649 1236 Mihi

212 1300 314 1325 vero
355 1299 410 1323 ne
439 1281 547 1322 illud
586 1280 758 1335 quidem
804 1280 938 1320 otiose
981 1275 1244 1333 praemisisse
1273 1275 1318 1316 in
1349 1275 1433 1314 hoc
1459 1273 1648 1329 capitulo

213 1361 378 1402 videtur
409 1359 656 1414 Apostolus,
685 1358 803 1413 quod
831 1356 954 1397 dicit:
986 1372 1067 1404 „an
1083 1352 1129 1410 ⁸)
1162 1351 1385 1395 nescitis?“
1417 1351 1500 1392 Per
1529 1350 1649 1405 quod

216 1437 425 1485 ostendit,
471 1436 569 1492 quia
605 1447 730 1484 tunc,
769 1434 853 1474 hoc
894 1444 973 1482 est,
1015 1432 1327 1487 Apostolorum
1368 1427 1651 1483 temporibus,

217 1533 321 1565 non,
352 1525 399 1554 ut
427 1530 542 1554 nunc
572 1513 665 1554 fieri
697 1513 911 1560 videmus,
941 1521 1065 1568 typus
1095 1508 1398 1549 tantummodo
1430 1504 1652 1563 mysterio-

215 1609 313 1635 rum
353 1592 438 1641 his,
486 1590 558 1646 qui
597 1589 948 1644 baptizabantur,
988 1588 1063 1628 sed
1101 1586 1229 1626 virtus
1272 1601 1420 1626 eorum
1463 1599 1511 1623 ac
1542 1580 1648 1622 ratio

214 1671 476 1718 tradebatur,
508 1679 547 1709 et
574 1679 776 1722 tanquam
809 1665 1037 1708 scientibus
1068 1675 1108 1705 et
1137 1662 1320 1711 edoctis,
1350 1659 1534 1716 quia‚⁹)
1577 1657 1651 1714 qui

214 1746 498 1802 baptizantur,
526 1744 573 1785 in
603 1756 744 1785 morte
775 1742 931 1784 Christi
960 1741 1251 1797 baptizantur,
1281 1750 1321 1779 et
1352 1736 1650 1792 consepeliun-

216 1836 287 1865 tur
317 1822 353 1864 ei
381 1839 459 1879 per
490 1821 750 1878 baptismum
770 1819 813 1860 in
844 1829 1048 1860 mortem:
1081 1829 1120 1858 et
1152 1816 1264 1872 quia,
1293 1813 1490 1868 sicut¹⁰)
1523 1811 1648 1853 Chri-

341 2056 383 2111 ¹)
413 2054 529 2096 Editi
567 2053 623 2108 (e.
667 2071 701 2095 6.
744 2054 807 2095 ed.
850 2051 909 2094 Μ.
940 2051 1022 2108 I.):
1062 2051 1144 2101 „Et
1181 2066 1272 2092 non
1309 2047 1458 2104 utique
1496 2059 1650 2088 eonve-

219 2113 353 2163 niens‚
383 2118 456 2153 ut“
488 2123 564 2152 etc.
598 2111 634 2150 R

337 2181 385 2238 2>
414 2182 491 2223 Ev.
521 2182 681 2223 Joann.
713 2180 743 2231 1,
774 2180 840 2222 14.
959 2178 1005 2234 3)
1036 2177 1164 2219 Rom.
1194 2177 1266 2227 vt,
1306 2177 1346 2219 3.

340 2252 386 2309 ⁴)
417 2251 534 2349 Efiliti
564 2252 622 2309 (v.
655 2269 689 2293 c.
721 2252 816 2292 edd.
844 2248 951 2305 Ma)
982 2248 1051 2300 „in
1082 2248 1166 2288 hoe
1197 2248 1325 2296 loco,
1372 2256 1412 2286 ct
1439 2243 1484 2284 in
1517 2252 1653 2284 caete-

224 2312 304 2354 ris“
336 2322 414 2351 etc.
486 2341 493 2350 .

342 2381 386 2437 ⁵)
417 2379 531 2422 Alias
563 2379 623 2436 (v.
656 2396 688 2419 c.
720 2378 761 2419 in
796 2380 891 2420 edd.
923 2376 1031 2432 MA)
1073 2376 1208 2426 „sicut
1248 2373 1292 2414 in
1325 2368 1535 2427 praesenti
1565 2384 1651 2408 ser-

223 2454 354 2481 mone
378 2437 572 2485 diximus,
607 2435 731 2491 quia“
764 2447 837 2478 etc.
869 2435 918 2475 R.

342 2508 388 2561 5)
420 2507 534 2548 Alias
564 2505 623 2561 (v,
652 2523 685 2546 c.
716 2506 759 2547 in
793 2507 888 2547 edd.
919 2503 1027 2559 MA)
1058 2501 1277 2553 ,‚snsficit.“
1310 2501 1361 2540 Ρι.

342 2577 387 2634 ⁷)
419 2577 546 2618 Rom.
576 2576 648 2626 VI,
678 2577 718 2619 3.

343 2650 390 2700 ⁸)
422 2648 536 2690 Alias
579 2646 638 2703 (V.
679 2664 713 2694 6,
754 2647 797 2688 in
843 2647 906 2687 cd.
936 2645 995 2687 M.
1026 2643 1107 2700 I.):
1139 2654 1236 2691 „aut
1267 2636 1484 2682 nescitis?“
1516 2636 1566 2677 R.
1603 2661 1649 2666 ——

230 2706 316 2748 Cfr.
348 2705 474 2747 Rom.
505 2704 577 2752 Vl,
607 2707 646 2746 3.

343 2775 389 2830 ⁹)
420 2773 506 2815 Csr.
542 2774 668 2814 Rom.
699 2773 770 2824 VI,
797 2774 835 2817 3.
868 2774 906 2816 4.

320 2846 390 2896 ¹⁰)
422 2843 520 2886 Mss.
557 2844 751 2899 plerique
792 2844 1001 2898 (itemque
1033 2842 1125 2882 cdd.
1159 2840 1266 2893 M.):
1299 2839 1424 2889 „sicut
1463 2835 1651 2876 Christus
