<?xml version="1.0" encoding="UTF-8"?>
<!DOCTYPE html PUBLIC "-//W3C//DTD XHTML 1.0 Transitional//EN"
    "http://www.w3.org/TR/xhtml1/DTD/xhtml1-transitional.dtd">
<html xmlns="http://www.w3.org/1999/xhtml" xml:lang="en" lang="en">
 <head>
  <title>
</title>
<meta http-equiv="Content-Type" content="text/html;charset=utf-8" />
  <meta name='ocr-system' content='tesseract 3.04.00' />
  <meta name='ocr-capabilities' content='ocr_page ocr_carea ocr_par ocr_line ocrx_word'/>
</head>
<body>
  <div class='ocr_page' id='page_1' title='image "./operaomniaquaegr06orig_0152.png"; bbox 0 0 1788 3111; ppageno 0'>
   <div class='ocr_carea' id='block_1_1' title="bbox 206 123 1295 187">
    <p class='ocr_par' dir='ltr' id='par_1_1' title="bbox 206 123 1295 187">
     <span class='ocr_line' id='line_1_1' title="bbox 206 123 1295 187; baseline -0.001 -19"><span class='ocrx_word' id='word_1_1' title='bbox 206 123 291 187; x_wconf 78' lang='grc'>140</span> <span class='ocrx_word' id='word_1_2' title='bbox 543 123 766 167; x_wconf 76' lang='lat' dir='ltr'>OmGEms</span> <span class='ocrx_word' id='word_1_3' title='bbox 794 137 842 167; x_wconf 75' lang='lat' dir='ltr'>m</span> <span class='ocrx_word' id='word_1_4' title='bbox 870 124 950 167; x_wconf 79' lang='grc' dir='ltr'>ΕΡ.</span> <span class='ocrx_word' id='word_1_5' title='bbox 979 134 1038 166; x_wconf 80' lang='lat' dir='ltr'>AD</span> <span class='ocrx_word' id='word_1_6' title='bbox 1072 123 1295 167; x_wconf 83' lang='lat' dir='ltr'><strong>ROMANOS</strong></span> 
     </span>
    </p>
   </div>
   <div class='ocr_carea' id='block_1_2' title="bbox 191 234 1629 1840">
    <p class='ocr_par' dir='ltr' id='par_1_2' title="bbox 191 234 1629 1840">
     <span class='ocr_line' id='line_1_2' title="bbox 206 234 1629 293; baseline 0.004 -17"><span class='ocrx_word' id='word_1_7' title='bbox 206 235 334 277; x_wconf 84' lang='lat' dir='ltr'>ctiam</span> <span class='ocrx_word' id='word_1_8' title='bbox 361 234 520 278; x_wconf 90' lang='lat' dir='ltr'>Paulus</span> <span class='ocrx_word' id='word_1_9' title='bbox 552 236 855 293; x_wconf 82' lang='lat' dir='ltr'><strong>adstipulatur,</strong></span> <span class='ocrx_word' id='word_1_10' title='bbox 879 236 922 293; x_wconf 74' lang='lat'>¹)</span> <span class='ocrx_word' id='word_1_11' title='bbox 962 238 1015 278; x_wconf 86' lang='lat' dir='ltr'>ab</span> <span class='ocrx_word' id='word_1_12' title='bbox 1055 237 1200 293; x_wconf 85' lang='lat' dir='ltr'>aliquo</span> <span class='ocrx_word' id='word_1_13' title='bbox 1242 235 1334 279; x_wconf 87' lang='lat' dir='ltr'>sine</span> <span class='ocrx_word' id='word_1_14' title='bbox 1364 239 1496 281; x_wconf 82' lang='lat' dir='ltr'>dubio</span> <span class='ocrx_word' id='word_1_15' title='bbox 1530 240 1629 281; x_wconf 88' lang='lat' dir='ltr'>emti</span> 
     </span>
     <span class='ocr_line' id='line_1_3' title="bbox 204 311 1629 372; baseline 0.004 -19"><span class='ocrx_word' id='word_1_16' title='bbox 204 330 362 365; x_wconf 87' lang='lat' dir='ltr'>sumus,</span> <span class='ocrx_word' id='word_1_17' title='bbox 392 311 512 371; x_wconf 86' lang='lat' dir='ltr'>cujus</span> <span class='ocrx_word' id='word_1_18' title='bbox 544 330 709 357; x_wconf 85' lang='lat' dir='ltr'>eramus</span> <span class='ocrx_word' id='word_1_19' title='bbox 739 315 859 365; x_wconf 86' lang='lat' dir='ltr'>servi,</span> <span class='ocrx_word' id='word_1_20' title='bbox 892 314 964 370; x_wconf 88' lang='lat' dir='ltr'>qui</span> <span class='ocrx_word' id='word_1_21' title='bbox 997 326 1037 356; x_wconf 86' lang='lat' dir='ltr'>ct</span> <span class='ocrx_word' id='word_1_22' title='bbox 1066 314 1250 371; x_wconf 83' lang='lat' dir='ltr'>pretium</span> <span class='ocrx_word' id='word_1_23' title='bbox 1281 317 1478 372; x_wconf 85' lang='lat' dir='ltr'>poposcit</span> <span class='ocrx_word' id='word_1_24' title='bbox 1510 318 1629 372; x_wconf 85' lang='lat' dir='ltr'>quod</span> 
     </span>
     <span class='ocr_line' id='line_1_4' title="bbox 203 389 1627 448; baseline 0.003 -17"><span class='ocrx_word' id='word_1_25' title='bbox 203 389 355 441; x_wconf 86' lang='lat' dir='ltr'>voluit,</span> <span class='ocrx_word' id='word_1_26' title='bbox 382 402 430 431; x_wconf 89' lang='lat' dir='ltr'>ut</span> <span class='ocrx_word' id='word_1_27' title='bbox 461 392 514 431; x_wconf 92' lang='lat' dir='ltr'>de</span> <span class='ocrx_word' id='word_1_28' title='bbox 542 404 751 448; x_wconf 75' lang='lat' dir='ltr'><strong>potestate</strong></span> <span class='ocrx_word' id='word_1_29' title='bbox 783 392 1013 433; x_wconf 78' lang='lat' dir='ltr'>dimitteret</span> <span class='ocrx_word' id='word_1_30' title='bbox 1027 391 1074 448; x_wconf 86' lang='grc'>2)</span> <span class='ocrx_word' id='word_1_31' title='bbox 1107 408 1214 447; x_wconf 88' lang='lat' dir='ltr'>quos</span> <span class='ocrx_word' id='word_1_32' title='bbox 1242 393 1427 434; x_wconf 79' lang='lat' dir='ltr'>tenebat.</span> <span class='ocrx_word' id='word_1_33' title='bbox 1487 393 1627 436; x_wconf 80' lang='lat' dir='ltr'>Tene-</span> 
     </span>
     <span class='ocr_line' id='line_1_5' title="bbox 203 469 1627 526; baseline 0.002 -18"><span class='ocrx_word' id='word_1_34' title='bbox 203 469 278 509; x_wconf 84' lang='lat' dir='ltr'>bat</span> <span class='ocrx_word' id='word_1_35' title='bbox 308 479 449 509; x_wconf 86' lang='lat' dir='ltr'>autem</span> <span class='ocrx_word' id='word_1_36' title='bbox 478 485 559 510; x_wconf 89' lang='lat' dir='ltr'>nos</span> <span class='ocrx_word' id='word_1_37' title='bbox 601 469 818 520; x_wconf 88' lang='lat' dir='ltr'>diabolus,</span> <span class='ocrx_word' id='word_1_38' title='bbox 858 470 926 510; x_wconf 89' lang='lat' dir='ltr'>cui</span> <span class='ocrx_word' id='word_1_39' title='bbox 967 469 1152 510; x_wconf 75' lang='lat' dir='ltr'>distracti</span> <span class='ocrx_word' id='word_1_40' title='bbox 1192 471 1408 517; x_wconf 79' lang='lat' dir='ltr'>fueramus</span> <span class='ocrx_word' id='word_1_41' title='bbox 1433 469 1627 526; x_wconf 20' lang='lat' dir='ltr'>*peccatis</span> 
     </span>
     <span class='ocr_line' id='line_1_6' title="bbox 201 544 1625 601; baseline 0.001 -15"><span class='ocrx_word' id='word_1_42' title='bbox 201 544 369 586; x_wconf 86' lang='lat' dir='ltr'>nostris.</span> <span class='ocrx_word' id='word_1_43' title='bbox 410 544 615 600; x_wconf 77' lang='lat' dir='ltr'>Poposcit</span> <span class='ocrx_word' id='word_1_44' title='bbox 633 562 731 598; x_wconf 82' lang='lat' dir='ltr'>ergo</span> <span class='ocrx_word' id='word_1_45' title='bbox 758 546 943 601; x_wconf 87' lang='lat' dir='ltr'>pretium</span> <span class='ocrx_word' id='word_1_46' title='bbox 969 558 1166 588; x_wconf 88' lang='lat' dir='ltr'>nostrum</span> <span class='ocrx_word' id='word_1_47' title='bbox 1189 546 1436 600; x_wconf 83' lang='lat' dir='ltr'>sanguinem</span> <span class='ocrx_word' id='word_1_48' title='bbox 1457 546 1625 587; x_wconf 77' lang='lat' dir='ltr'><strong>Christi.</strong></span> 
     </span>
     <span class='ocr_line' id='line_1_7' title="bbox 203 622 1625 680; baseline 0.001 -17"><span class='ocrx_word' id='word_1_49' title='bbox 203 622 367 664; x_wconf 88' lang='lat' dir='ltr'>Verum</span> <span class='ocrx_word' id='word_1_50' title='bbox 406 624 544 664; x_wconf 87' lang='lat' dir='ltr'>donec</span> <span class='ocrx_word' id='word_1_51' title='bbox 587 624 690 664; x_wconf 87' lang='lat' dir='ltr'>Jesu</span> <span class='ocrx_word' id='word_1_52' title='bbox 730 623 896 676; x_wconf 84' lang='lat' dir='ltr'>sanguis</span> <span class='ocrx_word' id='word_1_53' title='bbox 938 625 1133 674; x_wconf 85' lang='lat' dir='ltr'>daretur,</span> <span class='ocrx_word' id='word_1_54' title='bbox 1179 624 1251 680; x_wconf 86' lang='lat' dir='ltr'>qui</span> <span class='ocrx_word' id='word_1_55' title='bbox 1291 636 1377 664; x_wconf 86' lang='lat' dir='ltr'>tam</span> <span class='ocrx_word' id='word_1_56' title='bbox 1415 623 1625 679; x_wconf 84' lang='lat' dir='ltr'>pretiosus</span> 
     </span>
     <span class='ocr_line' id='line_1_8' title="bbox 199 699 1624 756; baseline 0 -16"><span class='ocrx_word' id='word_1_57' title='bbox 199 699 294 750; x_wconf 82' lang='lat' dir='ltr'>fuit,</span> <span class='ocrx_word' id='word_1_58' title='bbox 321 702 372 740; x_wconf 51' lang='lat' dir='ltr'>&#39;ut</span> <span class='ocrx_word' id='word_1_59' title='bbox 401 700 516 740; x_wconf 89' lang='lat' dir='ltr'>solus</span> <span class='ocrx_word' id='word_1_60' title='bbox 545 716 625 756; x_wconf 85' lang='lat' dir='ltr'>pro</span> <span class='ocrx_word' id='word_1_61' title='bbox 656 700 849 742; x_wconf 83' lang='lat' dir='ltr'>omnium</span> <span class='ocrx_word' id='word_1_62' title='bbox 882 701 1148 743; x_wconf 75' lang='lat' dir='ltr'><strong>redemtione</strong></span> <span class='ocrx_word' id='word_1_63' title='bbox 1178 702 1404 752; x_wconf 80' lang='lat' dir='ltr'>sufficeret,</span> <span class='ocrx_word' id='word_1_64' title='bbox 1434 716 1624 741; x_wconf 86' lang='lat' dir='ltr'>necessa—</span> 
     </span>
     <span class='ocr_line' id='line_1_9' title="bbox 200 776 1623 834; baseline 0.001 -17"><span class='ocrx_word' id='word_1_65' title='bbox 200 777 314 818; x_wconf 84' lang='lat' dir='ltr'>rium</span> <span class='ocrx_word' id='word_1_66' title='bbox 342 776 425 818; x_wconf 83' lang='lat' dir='ltr'>fuit</span> <span class='ocrx_word' id='word_1_67' title='bbox 455 793 544 826; x_wconf 87' lang='lat' dir='ltr'>cos,</span> <span class='ocrx_word' id='word_1_68' title='bbox 588 777 660 833; x_wconf 89' lang='lat' dir='ltr'>qui</span> <span class='ocrx_word' id='word_1_69' title='bbox 689 777 1080 834; x_wconf 82' lang='lat' dir='ltr'>instituebantur3)</span> <span class='ocrx_word' id='word_1_70' title='bbox 1112 779 1156 819; x_wconf 86' lang='lat' dir='ltr'>in</span> <span class='ocrx_word' id='word_1_71' title='bbox 1185 780 1297 832; x_wconf 80' lang='lat' dir='ltr'><strong>lege,</strong></span> <span class='ocrx_word' id='word_1_72' title='bbox 1335 788 1623 834; x_wconf 81' lang='lat' dir='ltr'>unumquem-</span> 
     </span>
     <span class='ocr_line' id='line_1_10' title="bbox 202 855 1621 912; baseline 0.001 -18"><span class='ocrx_word' id='word_1_73' title='bbox 202 871 286 910; x_wconf 86' lang='lat' dir='ltr'>que</span> <span class='ocrx_word' id='word_1_74' title='bbox 315 871 396 910; x_wconf 88' lang='lat' dir='ltr'>pro</span> <span class='ocrx_word' id='word_1_75' title='bbox 428 871 492 903; x_wconf 87' lang='lat' dir='ltr'>se,</span> <span class='ocrx_word' id='word_1_76' title='bbox 537 855 653 896; x_wconf 84' lang='lat' dir='ltr'>velut</span> <span class='ocrx_word' id='word_1_77' title='bbox 693 857 747 897; x_wconf 87' lang='lat' dir='ltr'>ad</span> <span class='ocrx_word' id='word_1_78' title='bbox 786 856 1068 898; x_wconf 78' lang='lat' dir='ltr'>imitationem</span> <span class='ocrx_word' id='word_1_79' title='bbox 1102 858 1317 912; x_wconf 80' lang='lat' dir='ltr'>quandam</span> <span class='ocrx_word' id='word_1_80' title='bbox 1357 857 1526 896; x_wconf 73' lang='lat' dir='ltr'>futurae</span> <span class='ocrx_word' id='word_1_81' title='bbox 1556 871 1621 896; x_wconf 88' lang='lat' dir='ltr'>rc—</span> 
     </span>
     <span class='ocr_line' id='line_1_11' title="bbox 200 930 1621 990; baseline 0.001 -19"><span class='ocrx_word' id='word_1_82' title='bbox 200 930 449 981; x_wconf 85' lang='lat' dir='ltr'>demtionis,</span> <span class='ocrx_word' id='word_1_83' title='bbox 479 933 726 985; x_wconf 81' lang='lat' dir='ltr'>sanguinem</span> <span class='ocrx_word' id='word_1_84' title='bbox 757 952 881 975; x_wconf 89' lang='lat' dir='ltr'>suum</span> <span class='ocrx_word' id='word_1_85' title='bbox 913 936 1035 987; x_wconf 79' lang='lat' dir='ltr'>dare3</span> <span class='ocrx_word' id='word_1_86' title='bbox 1074 946 1114 974; x_wconf 91' lang='lat' dir='ltr'>et</span> <span class='ocrx_word' id='word_1_87' title='bbox 1142 946 1369 990; x_wconf 85' lang='lat' dir='ltr'>propterca</span> <span class='ocrx_word' id='word_1_88' title='bbox 1400 951 1502 983; x_wconf 88' lang='lat' dir='ltr'>nos,</span> <span class='ocrx_word' id='word_1_89' title='bbox 1540 950 1621 988; x_wconf 89' lang='lat' dir='ltr'>pro</span> 
     </span>
     <span class='ocr_line' id='line_1_12' title="bbox 201 1008 1621 1066; baseline 0.001 -17"><span class='ocrx_word' id='word_1_90' title='bbox 201 1008 356 1064; x_wconf 88' lang='lat' dir='ltr'>quibus</span> <span class='ocrx_word' id='word_1_91' title='bbox 404 1008 667 1063; x_wconf 86' lang='lat' dir='ltr'>completum</span> <span class='ocrx_word' id='word_1_92' title='bbox 707 1022 778 1051; x_wconf 76' lang='lat' dir='ltr'>cst</span> <span class='ocrx_word' id='word_1_93' title='bbox 822 1011 1009 1066; x_wconf 86' lang='lat' dir='ltr'>pretium</span> <span class='ocrx_word' id='word_1_94' title='bbox 1049 1011 1261 1064; x_wconf 82' lang='lat' dir='ltr'>sanguinis</span> <span class='ocrx_word' id='word_1_95' title='bbox 1310 1010 1487 1060; x_wconf 75' lang='lat' dir='ltr'><strong>Christi,</strong></span> <span class='ocrx_word' id='word_1_96' title='bbox 1534 1027 1621 1051; x_wconf 90' lang='lat' dir='ltr'>non</span> 
     </span>
     <span class='ocr_line' id='line_1_13' title="bbox 197 1086 1623 1144; baseline 0 -17"><span class='ocrx_word' id='word_1_97' title='bbox 197 1102 369 1127; x_wconf 87' lang='lat' dir='ltr'>necesse</span> <span class='ocrx_word' id='word_1_98' title='bbox 399 1086 605 1127; x_wconf 81' lang='lat' dir='ltr'>habemus</span> <span class='ocrx_word' id='word_1_99' title='bbox 635 1103 715 1141; x_wconf 88' lang='lat' dir='ltr'>pro</span> <span class='ocrx_word' id='word_1_100' title='bbox 747 1086 872 1128; x_wconf 82' lang='lat' dir='ltr'>nobis</span> <span class='ocrx_word' id='word_1_101' title='bbox 903 1089 1002 1144; x_wconf 87' lang='lat' dir='ltr'>ipsis</span> <span class='ocrx_word' id='word_1_102' title='bbox 1031 1088 1238 1144; x_wconf 84' lang='lat' dir='ltr'>pretium,</span> <span class='ocrx_word' id='word_1_103' title='bbox 1267 1087 1313 1128; x_wconf 84' lang='lat' dir='ltr'>id</span> <span class='ocrx_word' id='word_1_104' title='bbox 1346 1099 1424 1136; x_wconf 80' lang='lat' dir='ltr'>est,</span> <span class='ocrx_word' id='word_1_105' title='bbox 1455 1086 1623 1139; x_wconf 77' lang='lat' dir='ltr'>sangui-</span> 
     </span>
     <span class='ocr_line' id='line_1_14' title="bbox 195 1156 1622 1221; baseline 0.001 -17"><span class='ocrx_word' id='word_1_106' title='bbox 195 1180 294 1204; x_wconf 84' lang='lat' dir='ltr'>nem</span> <span class='ocrx_word' id='word_1_107' title='bbox 328 1162 658 1204; x_wconf 80' lang='lat' dir='ltr'>circumcisionis</span> <span class='ocrx_word' id='word_1_108' title='bbox 690 1165 859 1204; x_wconf 80' lang='lat' dir='ltr'>offerre.</span> <span class='ocrx_word' id='word_1_109' title='bbox 912 1166 959 1208; x_wconf 86' lang='lat' dir='ltr'>Si</span> <span class='ocrx_word' id='word_1_110' title='bbox 982 1183 1082 1206; x_wconf 88' lang='lat' dir='ltr'>vero</span> <span class='ocrx_word' id='word_1_111' title='bbox 1115 1165 1328 1221; x_wconf 76' lang='lat' dir='ltr'>culpabile</span> <span class='ocrx_word' id='word_1_112' title='bbox 1356 1156 1477 1205; x_wconf 62' lang='lat' dir='ltr'>volsis</span> <span class='ocrx_word' id='word_1_113' title='bbox 1506 1164 1622 1205; x_wconf 78' lang='lat' dir='ltr'>vide·</span> 
     </span>
     <span class='ocr_line' id='line_1_15' title="bbox 195 1239 1624 1299; baseline 0 -18"><span class='ocrx_word' id='word_1_114' title='bbox 195 1253 287 1290; x_wconf 87' lang='lat' dir='ltr'>tur,</span> <span class='ocrx_word' id='word_1_115' title='bbox 320 1241 438 1296; x_wconf 86' lang='lat' dir='ltr'>quod</span> <span class='ocrx_word' id='word_1_116' title='bbox 470 1241 589 1281; x_wconf 79' lang='lat' dir='ltr'>Deus</span> <span class='ocrx_word' id='word_1_117' title='bbox 618 1239 721 1292; x_wconf 83' lang='lat' dir='ltr'>legis</span> <span class='ocrx_word' id='word_1_118' title='bbox 753 1239 902 1281; x_wconf 78' lang='lat' dir='ltr'>inferri</span> <span class='ocrx_word' id='word_1_119' title='bbox 931 1240 1053 1299; x_wconf 83' lang='lat' dir='ltr'>jubet</span> <span class='ocrx_word' id='word_1_120' title='bbox 1082 1241 1316 1283; x_wconf 81' lang='lat' dir='ltr'>infantibus</span> <span class='ocrx_word' id='word_1_121' title='bbox 1346 1242 1542 1291; x_wconf 78' lang='lat' dir='ltr'>vulnera,</span> <span class='ocrx_word' id='word_1_122' title='bbox 1584 1253 1624 1281; x_wconf 87' lang='lat' dir='ltr'>et</span> 
     </span>
     <span class='ocr_line' id='line_1_16' title="bbox 197 1316 1621 1374; baseline 0 -15"><span class='ocrx_word' id='word_1_123' title='bbox 197 1317 446 1370; x_wconf 79' lang='lat' dir='ltr'>sanguinem</span> <span class='ocrx_word' id='word_1_124' title='bbox 486 1317 629 1357; x_wconf 82' lang='lat' dir='ltr'>fundi:</span> <span class='ocrx_word' id='word_1_125' title='bbox 671 1318 754 1358; x_wconf 89' lang='lat' dir='ltr'>hoc</span> <span class='ocrx_word' id='word_1_126' title='bbox 787 1316 912 1358; x_wconf 86' lang='lat' dir='ltr'>etiam</span> <span class='ocrx_word' id='word_1_127' title='bbox 951 1318 997 1359; x_wconf 86' lang='lat' dir='ltr'>in</span> <span class='ocrx_word' id='word_1_128' title='bbox 1031 1319 1200 1360; x_wconf 84' lang='lat' dir='ltr'>Christo</span> <span class='ocrx_word' id='word_1_129' title='bbox 1239 1321 1400 1360; x_wconf 85' lang='lat' dir='ltr'>factum</span> <span class='ocrx_word' id='word_1_130' title='bbox 1431 1318 1621 1374; x_wconf 81' lang='lat' dir='ltr'>culpatis,</span> 
     </span>
     <span class='ocr_line' id='line_1_17' title="bbox 196 1394 1621 1452; baseline 0.001 -17"><span class='ocrx_word' id='word_1_131' title='bbox 196 1394 268 1450; x_wconf 86' lang='lat' dir='ltr'>qui</span> <span class='ocrx_word' id='word_1_132' title='bbox 300 1406 341 1436; x_wconf 90' lang='lat' dir='ltr'>et</span> <span class='ocrx_word' id='word_1_133' title='bbox 373 1405 521 1435; x_wconf 84' lang='lat' dir='ltr'>octavo</span> <span class='ocrx_word' id='word_1_134' title='bbox 555 1394 624 1435; x_wconf 82' lang='lat' dir='ltr'>die</span> <span class='ocrx_word' id='word_1_135' title='bbox 654 1394 924 1436; x_wconf 88' lang='lat' dir='ltr'>circumcisus</span> <span class='ocrx_word' id='word_1_136' title='bbox 957 1408 1035 1447; x_wconf 84' lang='lat' dir='ltr'>est,</span> <span class='ocrx_word' id='word_1_137' title='bbox 1055 1396 1100 1452; x_wconf 64' lang='grc'>4)</span> <span class='ocrx_word' id='word_1_138' title='bbox 1142 1409 1182 1437; x_wconf 87' lang='lat' dir='ltr'>ct</span> <span class='ocrx_word' id='word_1_139' title='bbox 1211 1396 1387 1437; x_wconf 78' lang='lat' dir='ltr'>vulnera</span> <span class='ocrx_word' id='word_1_140' title='bbox 1416 1395 1621 1452; x_wconf 81' lang='lat' dir='ltr'>passionis</span> 
     </span>
     <span class='ocr_line' id='line_1_18' title="bbox 197 1471 1622 1528; baseline 0.001 -15"><span class='ocrx_word' id='word_1_141' title='bbox 197 1471 372 1528; x_wconf 77' lang='lat' dir='ltr'>excepit,</span> <span class='ocrx_word' id='word_1_142' title='bbox 405 1483 445 1513; x_wconf 86' lang='lat' dir='ltr'>et</span> <span class='ocrx_word' id='word_1_143' title='bbox 476 1490 572 1513; x_wconf 87' lang='lat' dir='ltr'>cum</span> <span class='ocrx_word' id='word_1_144' title='bbox 598 1472 731 1513; x_wconf 88' lang='lat' dir='ltr'>crucis</span> <span class='ocrx_word' id='word_1_145' title='bbox 752 1489 893 1528; x_wconf 83' lang='lat' dir='ltr'>poena</span> <span class='ocrx_word' id='word_1_146' title='bbox 914 1474 1159 1526; x_wconf 81' lang='lat' dir='ltr'>sanguinem</span> <span class='ocrx_word' id='word_1_147' title='bbox 1181 1491 1304 1515; x_wconf 88' lang='lat' dir='ltr'>suum</span> <span class='ocrx_word' id='word_1_148' title='bbox 1325 1473 1449 1516; x_wconf 82' lang='lat' dir='ltr'>fudit.</span> <span class='ocrx_word' id='word_1_149' title='bbox 1488 1474 1622 1528; x_wconf 84' lang='lat' dir='ltr'>Quod</span> 
     </span>
     <span class='ocr_line' id='line_1_19' title="bbox 191 1549 1618 1603; baseline 0.001 -13"><span class='ocrx_word' id='word_1_150' title='bbox 191 1566 293 1591; x_wconf 79' lang='lat' dir='ltr'>vero</span> <span class='ocrx_word' id='word_1_151' title='bbox 337 1549 669 1591; x_wconf 80' lang='lat' dir='ltr'>circumcisionis</span> <span class='ocrx_word' id='word_1_152' title='bbox 701 1551 883 1591; x_wconf 84' lang='lat' dir='ltr'>horrore</span> <span class='ocrx_word' id='word_1_153' title='bbox 921 1550 1103 1592; x_wconf 78' lang='lat' dir='ltr'>difficilis</span> <span class='ocrx_word' id='word_1_154' title='bbox 1135 1550 1254 1592; x_wconf 85' lang='lat' dir='ltr'>vobis</span> <span class='ocrx_word' id='word_1_155' title='bbox 1286 1552 1340 1591; x_wconf 81' lang='lat' dir='ltr'>ad</span> <span class='ocrx_word' id='word_1_156' title='bbox 1371 1551 1618 1603; x_wconf 83' lang='lat' dir='ltr'>religionem</span> 
     </span>
     <span class='ocr_line' id='line_1_20' title="bbox 193 1626 1618 1682; baseline 0.001 -15"><span class='ocrx_word' id='word_1_157' title='bbox 193 1627 363 1668; x_wconf 76' lang='lat' dir='ltr'>videtur</span> <span class='ocrx_word' id='word_1_158' title='bbox 392 1643 592 1677; x_wconf 82' lang='lat' dir='ltr'>accessus,</span> <span class='ocrx_word' id='word_1_159' title='bbox 612 1626 656 1682; x_wconf 81' lang='grc'>5)</span> <span class='ocrx_word' id='word_1_160' title='bbox 688 1626 907 1667; x_wconf 79' lang='lat' dir='ltr'>difficilior</span> <span class='ocrx_word' id='word_1_161' title='bbox 924 1628 1061 1668; x_wconf 87' lang='lat' dir='ltr'>multo</span> <span class='ocrx_word' id='word_1_162' title='bbox 1083 1627 1249 1669; x_wconf 82' lang='lat' dir='ltr'>videtur</span> <span class='ocrx_word' id='word_1_163' title='bbox 1277 1627 1484 1680; x_wconf 84' lang='lat' dir='ltr'>ingressus</span> <span class='ocrx_word' id='word_1_164' title='bbox 1506 1629 1559 1668; x_wconf 83' lang='lat' dir='ltr'>ad</span> <span class='ocrx_word' id='word_1_165' title='bbox 1574 1627 1618 1681; x_wconf 73' lang='lat'>⁶)</span> 
     </span>
     <span class='ocr_line' id='line_1_21' title="bbox 192 1703 1615 1760; baseline -0.001 -15"><span class='ocrx_word' id='word_1_166' title='bbox 192 1703 486 1756; x_wconf 83' lang='lat' dir='ltr'>Evangelium,</span> <span class='ocrx_word' id='word_1_167' title='bbox 517 1703 594 1744; x_wconf 81' lang='lat' dir='ltr'>ubi</span> <span class='ocrx_word' id='word_1_168' title='bbox 622 1709 713 1744; x_wconf 80' lang='lat' dir='ltr'>non</span> <span class='ocrx_word' id='word_1_169' title='bbox 732 1715 897 1759; x_wconf 84' lang='lat' dir='ltr'>partem</span> <span class='ocrx_word' id='word_1_170' title='bbox 931 1704 1121 1757; x_wconf 72' lang='lat' dir='ltr'>exiguam</span> <span class='ocrx_word' id='word_1_171' title='bbox 1142 1704 1347 1760; x_wconf 81' lang='lat' dir='ltr'>corporis,</span> <span class='ocrx_word' id='word_1_172' title='bbox 1378 1705 1453 1745; x_wconf 83' lang='lat' dir='ltr'>sed</span> <span class='ocrx_word' id='word_1_173' title='bbox 1482 1704 1615 1760; x_wconf 77' lang='lat' dir='ltr'>ipsam</span> 
     </span>
     <span class='ocr_line' id='line_1_22' title="bbox 192 1780 1616 1840; baseline 0 -18"><span class='ocrx_word' id='word_1_174' title='bbox 192 1781 285 1838; x_wconf 88' lang='lat' dir='ltr'>quis</span> <span class='ocrx_word' id='word_1_175' title='bbox 316 1782 502 1821; x_wconf 86' lang='lat' dir='ltr'>animam</span> <span class='ocrx_word' id='word_1_176' title='bbox 532 1797 694 1837; x_wconf 87' lang='lat' dir='ltr'>ponere</span> <span class='ocrx_word' id='word_1_177' title='bbox 724 1780 971 1838; x_wconf 77' lang='lat' dir='ltr'>jubetur.⁷)</span> <span class='ocrx_word' id='word_1_178' title='bbox 1033 1782 1119 1823; x_wconf 85' lang='lat' dir='ltr'>Sed</span> <span class='ocrx_word' id='word_1_179' title='bbox 1149 1782 1339 1837; x_wconf 76' lang='lat' dir='ltr'>exempla</span> <span class='ocrx_word' id='word_1_180' title='bbox 1369 1794 1616 1840; x_wconf 70' lang='lat' dir='ltr'>martyrum,</span> 
     </span>
    </p>
   </div>
   <div class='ocr_carea' id='block_1_3' title="bbox 190 1857 1615 1914">
    <p class='ocr_par' dir='ltr' id='par_1_3' title="bbox 190 1857 1615 1914">
     <span class='ocr_line' id='line_1_23' title="bbox 190 1857 1615 1914; baseline 0.001 -14"><span class='ocrx_word' id='word_1_181' title='bbox 190 1859 427 1901; x_wconf 87' lang='lat' dir='ltr'>secundum</span> <span class='ocrx_word' id='word_1_182' title='bbox 458 1876 545 1909; x_wconf 83' lang='lat' dir='ltr'>vos,</span> <span class='ocrx_word' id='word_1_183' title='bbox 579 1857 933 1914; x_wconf 62' lang='lat' dir='ltr'>prohibebuntss)</span> <span class='ocrx_word' id='word_1_184' title='bbox 963 1858 1159 1900; x_wconf 86' lang='lat' dir='ltr'>homines</span> <span class='ocrx_word' id='word_1_185' title='bbox 1177 1861 1377 1901; x_wconf 81' lang='lat' dir='ltr'>accedere</span> <span class='ocrx_word' id='word_1_186' title='bbox 1399 1861 1453 1900; x_wconf 88' lang='lat' dir='ltr'>ad</span> <span class='ocrx_word' id='word_1_187' title='bbox 1473 1860 1615 1902; x_wconf 80' lang='lat' dir='ltr'>fidem.</span> 
     </span>
    </p>
   </div>
   <div class='ocr_carea' id='block_1_4' title="bbox 191 1935 1636 1992">
    <p class='ocr_par' dir='ltr' id='par_1_4' title="bbox 191 1935 1636 1992">
     <span class='ocr_line' id='line_1_24' title="bbox 191 1935 1636 1992; baseline 0 -14"><span class='ocrx_word' id='word_1_188' title='bbox 191 1938 261 1977; x_wconf 91' lang='lat' dir='ltr'>An</span> <span class='ocrx_word' id='word_1_189' title='bbox 276 1935 321 1992; x_wconf 82' lang='lat'>⁹)</span> <span class='ocrx_word' id='word_1_190' title='bbox 354 1953 404 1978; x_wconf 88' lang='lat' dir='ltr'>co</span> <span class='ocrx_word' id='word_1_191' title='bbox 436 1935 566 1989; x_wconf 82' lang='lat' dir='ltr'>magis</span> <span class='ocrx_word' id='word_1_192' title='bbox 598 1935 785 1976; x_wconf 80' lang='lat' dir='ltr'>creditur</span> <span class='ocrx_word' id='word_1_193' title='bbox 813 1936 937 1976; x_wconf 85' lang='lat' dir='ltr'>firma</span> <span class='ocrx_word' id='word_1_194' title='bbox 967 1935 1137 1988; x_wconf 82' lang='lat' dir='ltr'>religio,</span> <span class='ocrx_word' id='word_1_195' title='bbox 1182 1937 1300 1992; x_wconf 85' lang='lat' dir='ltr'>quod</span> <span class='ocrx_word' id='word_1_196' title='bbox 1329 1936 1437 1978; x_wconf 84' lang='lat' dir='ltr'>nihil</span> <span class='ocrx_word' id='word_1_197' title='bbox 1469 1937 1636 1983; x_wconf 63' lang='lat' dir='ltr'>remis—⁴</span> 
     </span>
    </p>
   </div>
   <div class='ocr_carea' id='block_1_5' title="bbox 189 2013 1615 2068">
    <p class='ocr_par' dir='ltr' id='par_1_5' title="bbox 189 2013 1615 2068">
     <span class='ocr_line' id='line_1_25' title="bbox 189 2013 1615 2068; baseline 0.001 -14"><span class='ocrx_word' id='word_1_198' title='bbox 189 2030 304 2065; x_wconf 88' lang='lat' dir='ltr'>sum,</span> <span class='ocrx_word' id='word_1_199' title='bbox 347 2013 456 2054; x_wconf 84' lang='lat' dir='ltr'>nihil</span> <span class='ocrx_word' id='word_1_200' title='bbox 499 2013 728 2054; x_wconf 87' lang='lat' dir='ltr'>delicatum</span> <span class='ocrx_word' id='word_1_201' title='bbox 767 2013 998 2068; x_wconf 86' lang='lat' dir='ltr'>pollicetur</span> <span class='ocrx_word' id='word_1_202' title='bbox 1036 2024 1108 2053; x_wconf 87' lang='lat' dir='ltr'>aut</span> <span class='ocrx_word' id='word_1_203' title='bbox 1145 2014 1310 2055; x_wconf 81' lang='lat' dir='ltr'>molle?</span> <span class='ocrx_word' id='word_1_204' title='bbox 1372 2014 1506 2068; x_wconf 84' lang='lat' dir='ltr'>Quod</span> <span class='ocrx_word' id='word_1_205' title='bbox 1542 2014 1615 2056; x_wconf 88' lang='lat' dir='ltr'>etsi</span> 
     </span>
    </p>
   </div>
   <div class='ocr_carea' id='block_1_6' title="bbox 189 2088 1615 2149">
    <p class='ocr_par' dir='ltr' id='par_1_6' title="bbox 189 2088 1615 2149">
     <span class='ocr_line' id='line_1_26' title="bbox 189 2088 1615 2149; baseline 0.001 -18"><span class='ocrx_word' id='word_1_206' title='bbox 189 2090 296 2132; x_wconf 81' lang='lat' dir='ltr'>nihil</span> <span class='ocrx_word' id='word_1_207' title='bbox 327 2089 444 2132; x_wconf 81' lang='lat' dir='ltr'>aliud</span> <span class='ocrx_word' id='word_1_208' title='bbox 476 2089 728 2132; x_wconf 79' lang='lat' dir='ltr'>sacramenti</span> <span class='ocrx_word' id='word_1_209' title='bbox 746 2089 978 2142; x_wconf 83' lang='lat' dir='ltr'>figuraliter</span> <span class='ocrx_word' id='word_1_210' title='bbox 1009 2088 1272 2133; x_wconf 86' lang='lat' dir='ltr'>circumcisio</span> <span class='ocrx_word' id='word_1_211' title='bbox 1304 2103 1480 2143; x_wconf 85' lang='lat' dir='ltr'>teneret,</span> <span class='ocrx_word' id='word_1_212' title='bbox 1513 2091 1615 2149; x_wconf 88' lang='lat' dir='ltr'>quid</span> 
     </span>
    </p>
   </div>
   <div class='ocr_carea' id='block_1_7' title="bbox 303 2215 1554 2413">
    <p class='ocr_par' dir='ltr' id='par_1_7' title="bbox 303 2215 1554 2413">
     <span class='ocr_line' id='line_1_27' title="bbox 311 2215 1529 2273; baseline 0.003 -16"><span class='ocrx_word' id='word_1_213' title='bbox 311 2217 353 2273; x_wconf 75' lang='lat'>¹)</span> <span class='ocrx_word' id='word_1_214' title='bbox 383 2218 404 2257; x_wconf 88' lang='grc' dir='ltr'>Ι</span> <span class='ocrx_word' id='word_1_215' title='bbox 439 2216 538 2258; x_wconf 87' lang='lat' dir='ltr'>Cor.</span> <span class='ocrx_word' id='word_1_216' title='bbox 570 2218 665 2267; x_wconf 85' lang='lat' dir='ltr'>VII,</span> <span class='ocrx_word' id='word_1_217' title='bbox 696 2218 763 2261; x_wconf 78' lang='grc'><strong>2-3.</strong></span> <span class='ocrx_word' id='word_1_218' title='bbox 883 2215 930 2272; x_wconf 79' lang='grc'>2)</span> <span class='ocrx_word' id='word_1_219' title='bbox 960 2217 1074 2259; x_wconf 85' lang='lat' dir='ltr'><strong>Edd.</strong></span> <span class='ocrx_word' id='word_1_220' title='bbox 1105 2217 1302 2260; x_wconf 58' lang='lat' dir='ltr'>B‘Icrlini:</span> <span class='ocrx_word' id='word_1_221' title='bbox 1334 2218 1529 2262; x_wconf 77' lang='lat' dir='ltr'>dimittat.</span> 
     </span>
     <span class='ocr_line' id='line_1_28' title="bbox 303 2287 1492 2344; baseline 0.003 -16"><span class='ocrx_word' id='word_1_222' title='bbox 303 2287 350 2341; x_wconf 81' lang='grc'>3)</span> <span class='ocrx_word' id='word_1_223' title='bbox 381 2288 461 2328; x_wconf 81' lang='lat' dir='ltr'>Ed.</span> <span class='ocrx_word' id='word_1_224' title='bbox 493 2288 553 2330; x_wconf 83' lang='lat' dir='ltr'>M.</span> <span class='ocrx_word' id='word_1_225' title='bbox 583 2288 647 2328; x_wconf 82' lang='lat' dir='ltr'>II:</span> <span class='ocrx_word' id='word_1_226' title='bbox 678 2287 1011 2328; x_wconf 81' lang='lat' dir='ltr'>instruebantur.</span> <span class='ocrx_word' id='word_1_227' title='bbox 1133 2287 1178 2344; x_wconf 64' lang='grc'>4)</span> <span class='ocrx_word' id='word_1_228' title='bbox 1209 2289 1309 2330; x_wconf 88' lang='lat' dir='ltr'>Luc.</span> <span class='ocrx_word' id='word_1_229' title='bbox 1342 2289 1394 2339; x_wconf 88' lang='grc' dir='ltr'>ΙῙ,</span> <span class='ocrx_word' id='word_1_230' title='bbox 1425 2291 1492 2331; x_wconf 81' lang='grc'>21.</span> 
     </span>
     <span class='ocr_line' id='line_1_29' title="bbox 304 2355 1554 2413; baseline 0.002 -16"><span class='ocrx_word' id='word_1_231' title='bbox 304 2355 350 2412; x_wconf 81' lang='lat'>⁵)</span> <span class='ocrx_word' id='word_1_232' title='bbox 379 2356 497 2397; x_wconf 87' lang='lat' dir='ltr'>Editi</span> <span class='ocrx_word' id='word_1_233' title='bbox 529 2358 587 2413; x_wconf 77' lang='lat' dir='ltr'>(e.</span> <span class='ocrx_word' id='word_1_234' title='bbox 620 2375 656 2398; x_wconf 88' lang='lat' dir='ltr'>c.</span> <span class='ocrx_word' id='word_1_235' title='bbox 688 2359 784 2399; x_wconf 88' lang='lat' dir='ltr'><strong>edd.</strong></span> <span class='ocrx_word' id='word_1_236' title='bbox 815 2358 901 2413; x_wconf 81' lang='lat' dir='ltr'>M.)</span> <span class='ocrx_word' id='word_1_237' title='bbox 931 2374 1178 2413; x_wconf 81' lang='lat' dir='ltr'>perperam:</span> <span class='ocrx_word' id='word_1_238' title='bbox 1212 2364 1472 2408; x_wconf 82' lang='lat' dir='ltr'>,‚asccnsus.“</span> <span class='ocrx_word' id='word_1_239' title='bbox 1503 2360 1554 2400; x_wconf 78' lang='lat' dir='ltr'>R.</span> 
     </span>
    </p>
   </div>
   <div class='ocr_carea' id='block_1_8' title="bbox 183 2423 1607 2538">
    <p class='ocr_par' dir='ltr' id='par_1_8' title="bbox 183 2423 1607 2538">
     <span class='ocr_line' id='line_1_30' title="bbox 297 2423 1607 2485; baseline 0.004 -19"><span class='ocrx_word' id='word_1_240' title='bbox 297 2423 348 2481; x_wconf 67' lang='grc'>6)</span> <span class='ocrx_word' id='word_1_241' title='bbox 378 2427 492 2467; x_wconf 83' lang='lat' dir='ltr'><strong>Edd.</strong></span> <span class='ocrx_word' id='word_1_242' title='bbox 523 2427 721 2469; x_wconf 78' lang='lat' dir='ltr'>Merlini:</span> <span class='ocrx_word' id='word_1_243' title='bbox 762 2429 816 2469; x_wconf 83' lang='lat' dir='ltr'>ad</span> <span class='ocrx_word' id='word_1_244' title='bbox 847 2428 1110 2480; x_wconf 78' lang='lat' dir='ltr'>evangelium</span> <span class='ocrx_word' id='word_1_245' title='bbox 1139 2429 1282 2480; x_wconf 86' lang='lat' dir='ltr'>vobis,</span> <span class='ocrx_word' id='word_1_246' title='bbox 1319 2429 1362 2470; x_wconf 88' lang='lat' dir='ltr'>in</span> <span class='ocrx_word' id='word_1_247' title='bbox 1396 2446 1481 2485; x_wconf 87' lang='lat' dir='ltr'>quo</span> <span class='ocrx_word' id='word_1_248' title='bbox 1521 2447 1607 2472; x_wconf 84' lang='lat' dir='ltr'>non</span> 
     </span>
     <span class='ocr_line' id='line_1_31' title="bbox 183 2494 457 2538; baseline 0.004 -16"><span class='ocrx_word' id='word_1_249' title='bbox 183 2494 349 2538; x_wconf 82' lang='lat' dir='ltr'>partem</span> <span class='ocrx_word' id='word_1_250' title='bbox 382 2494 457 2523; x_wconf 71' lang='lat' dir='ltr'>etc.</span> 
     </span>
    </p>
   </div>
   <div class='ocr_carea' id='block_1_9' title="bbox 299 2552 1050 2678">
    <p class='ocr_par' dir='ltr' id='par_1_9' title="bbox 299 2552 1050 2678">
     <span class='ocr_line' id='line_1_32' title="bbox 300 2552 1027 2606; baseline 0 -12"><span class='ocrx_word' id='word_1_251' title='bbox 300 2552 347 2606; x_wconf 76' lang='lat'>⁷)</span> <span class='ocrx_word' id='word_1_252' title='bbox 372 2553 527 2594; x_wconf 75' lang='lat' dir='ltr'>Maub.</span> <span class='ocrx_word' id='word_1_253' title='bbox 558 2553 613 2602; x_wconf 91' lang='lat' dir='ltr'>X,</span> <span class='ocrx_word' id='word_1_254' title='bbox 642 2553 710 2595; x_wconf 88' lang='grc'>39.</span> <span class='ocrx_word' id='word_1_255' title='bbox 742 2564 782 2593; x_wconf 84' lang='lat' dir='ltr'>et</span> <span class='ocrx_word' id='word_1_256' title='bbox 811 2553 929 2603; x_wconf 90' lang='lat' dir='ltr'>XVI,</span> <span class='ocrx_word' id='word_1_257' title='bbox 959 2555 1027 2596; x_wconf 81' lang='lat'>25.</span> 
     </span>
     <span class='ocr_line' id='line_1_33' title="bbox 299 2621 1050 2678; baseline 0.001 -15"><span class='ocrx_word' id='word_1_258' title='bbox 299 2622 347 2676; x_wconf 72' lang='grc'>8)</span> <span class='ocrx_word' id='word_1_259' title='bbox 377 2623 488 2664; x_wconf 81' lang='lat' dir='ltr'><strong>Edd.</strong></span> <span class='ocrx_word' id='word_1_260' title='bbox 519 2621 715 2664; x_wconf 81' lang='lat' dir='ltr'>Merlini:</span> <span class='ocrx_word' id='word_1_261' title='bbox 747 2622 1050 2678; x_wconf 72' lang='lat' dir='ltr'>prohibebant.</span> 
     </span>
    </p>
   </div>
   <div class='ocr_carea' id='block_1_10' title="bbox 182 2691 1608 2919">
    <p class='ocr_par' dir='ltr' id='par_1_10' title="bbox 182 2691 1608 2919">
     <span class='ocr_line' id='line_1_34' title="bbox 300 2691 1607 2750; baseline 0.005 -19"><span class='ocrx_word' id='word_1_262' title='bbox 300 2691 348 2746; x_wconf 78' lang='lat'>9)</span> <span class='ocrx_word' id='word_1_263' title='bbox 378 2692 459 2732; x_wconf 79' lang='lat' dir='ltr'>Ed.</span> <span class='ocrx_word' id='word_1_264' title='bbox 490 2692 626 2733; x_wconf 87' lang='lat' dir='ltr'>Ruaci</span> <span class='ocrx_word' id='word_1_265' title='bbox 656 2709 750 2748; x_wconf 83' lang='lat' dir='ltr'>pag.</span> <span class='ocrx_word' id='word_1_266' title='bbox 779 2693 875 2737; x_wconf 81' lang='lat'>401.</span> <span class='ocrx_word' id='word_1_267' title='bbox 911 2693 955 2734; x_wconf 87' lang='lat' dir='ltr'>in</span> <span class='ocrx_word' id='word_1_268' title='bbox 987 2693 1209 2735; x_wconf 81' lang='lat' dir='ltr'>Addendis</span> <span class='ocrx_word' id='word_1_269' title='bbox 1241 2705 1279 2735; x_wconf 74' lang='lat' dir='ltr'>ct</span> <span class='ocrx_word' id='word_1_270' title='bbox 1313 2694 1607 2750; x_wconf 84' lang='lat' dir='ltr'>Corrigendis:</span> 
     </span>
     <span class='ocr_line' id='line_1_35' title="bbox 182 2747 1608 2805; baseline 0.005 -18"><span class='ocrx_word' id='word_1_271' title='bbox 182 2747 263 2797; x_wconf 81' lang='lat' dir='ltr'>„ita</span> <span class='ocrx_word' id='word_1_272' title='bbox 295 2749 455 2789; x_wconf 80' lang='lat' dir='ltr'>habent</span> <span class='ocrx_word' id='word_1_273' title='bbox 486 2748 586 2790; x_wconf 71' lang='lat' dir='ltr'>editi</span> <span class='ocrx_word' id='word_1_274' title='bbox 619 2749 679 2805; x_wconf 84' lang='lat' dir='ltr'>(v.</span> <span class='ocrx_word' id='word_1_275' title='bbox 697 2767 730 2790; x_wconf 92' lang='lat' dir='ltr'>c.</span> <span class='ocrx_word' id='word_1_276' title='bbox 750 2750 846 2790; x_wconf 80' lang='lat' dir='ltr'><strong>edd.</strong></span> <span class='ocrx_word' id='word_1_277' title='bbox 864 2750 949 2805; x_wconf 85' lang='lat' dir='ltr'>M.)</span> <span class='ocrx_word' id='word_1_278' title='bbox 984 2762 1025 2791; x_wconf 86' lang='lat' dir='ltr'>et</span> <span class='ocrx_word' id='word_1_279' title='bbox 1046 2751 1146 2792; x_wconf 86' lang='lat' dir='ltr'>Mss.</span> <span class='ocrx_word' id='word_1_280' title='bbox 1178 2750 1335 2804; x_wconf 82' lang='lat' dir='ltr'>nostri;</span> <span class='ocrx_word' id='word_1_281' title='bbox 1363 2754 1435 2794; x_wconf 86' lang='lat' dir='ltr'>sed</span> <span class='ocrx_word' id='word_1_282' title='bbox 1467 2766 1608 2795; x_wconf 83' lang='lat' dir='ltr'>tamen</span> 
     </span>
     <span class='ocr_line' id='line_1_36' title="bbox 182 2804 1606 2865; baseline 0.006 -21"><span class='ocrx_word' id='word_1_283' title='bbox 182 2805 410 2858; x_wconf 83' lang='lat' dir='ltr'>legendum</span> <span class='ocrx_word' id='word_1_284' title='bbox 450 2804 638 2848; x_wconf 79' lang='lat' dir='ltr'>videtur:</span> <span class='ocrx_word' id='word_1_285' title='bbox 679 2807 746 2848; x_wconf 77' lang='lat' dir='ltr'>Ac</span> <span class='ocrx_word' id='word_1_286' title='bbox 785 2820 837 2848; x_wconf 83' lang='lat' dir='ltr'>eo</span> <span class='ocrx_word' id='word_1_287' title='bbox 881 2808 1032 2865; x_wconf 80' lang='lat' dir='ltr'>magis</span> <span class='ocrx_word' id='word_1_288' title='bbox 1063 2819 1158 2857; x_wconf 82' lang='lat' dir='ltr'>etc.,</span> <span class='ocrx_word' id='word_1_289' title='bbox 1200 2808 1286 2849; x_wconf 89' lang='lat' dir='ltr'>vcl:</span> <span class='ocrx_word' id='word_1_290' title='bbox 1319 2809 1398 2851; x_wconf 83' lang='lat' dir='ltr'>An</span> <span class='ocrx_word' id='word_1_291' title='bbox 1429 2825 1522 2853; x_wconf 83' lang='lat' dir='ltr'>non</span> <span class='ocrx_word' id='word_1_292' title='bbox 1553 2825 1606 2853; x_wconf 83' lang='lat' dir='ltr'>eo</span> 
     </span>
     <span class='ocr_line' id='line_1_37' title="bbox 183 2863 470 2919; baseline 0.007 -18"><span class='ocrx_word' id='word_1_293' title='bbox 183 2863 364 2919; x_wconf 83' lang='lat' dir='ltr'>magis“</span> <span class='ocrx_word' id='word_1_294' title='bbox 394 2873 470 2903; x_wconf 85' lang='lat' dir='ltr'>etc.</span> 
     </span>
    </p>
   </div>
  </div>
 </body>
</html>
