1788 3111
235 117 321 162 386
571 114 794 156 OmGEMs
823 126 870 156 m
899 113 977 154 ΕΡ.
1011 124 1070 153 AD
1101 112 1324 155 ROMANOS

235 243 320 273 tem
351 227 572 286 aliquid¹)
603 228 754 269 melius
783 227 976 276 senserit,
1017 243 1106 267 non
1137 225 1278 281 pigeat
1305 226 1367 268 his
1399 227 1560 268 omissis
1588 226 1659 268 illa

235 308 435 364 recipere.
501 306 805 348 Verumtamen
846 305 931 345 hoc
971 311 1049 353 cst',
1091 305 1210 359 quod
1259 304 1471 356 colligitur
1510 321 1557 345 ex
1598 303 1661 345 his

235 384 432 442 Apostoli
476 383 597 425 dictis
634 399 712 440 per
756 382 950 423 altiorem
993 381 1336 433 intelligentiam,
1375 382 1517 437 quod,
1555 382 1662 423 sicut

232 479 363 504 nemo
402 462 517 503 vivus
556 472 694 517 potest
723 459 891 515 sepeliri
931 475 1026 499 cum
1057 471 1258 509 mortuo,
1294 460 1349 500 ita
1386 475 1540 508 nemo,
1588 458 1661 514 qui

236 540 378 582 adhuc
436 538 533 580 vivit
587 549 792 594 peccato,
853 548 992 592 potest
1041 536 1084 577 in
1141 536 1352 592 baptismo
1408 536 1659 591 consepeliri

234 618 429 667 Christo,
468 617 542 673 qui
580 627 773 657 mortuus
805 625 863 655 est
893 625 1094 669 peccato:
1137 626 1175 655 et
1211 614 1309 654 ideo
1351 612 1423 667 qui
1462 612 1661 653 festinant

235 698 287 738 ad
328 695 611 752 baptismum,
658 693 740 733 hoc
785 692 902 748 prius
935 684 1084 731 curare
1113 693 1296 740 debent,
1338 702 1384 730 ut
1421 689 1661 730 moriantur

233 786 331 816 ante
359 783 552 828 peccato,
584 782 622 812 et
651 771 709 812 sie
741 769 903 826 possint
935 768 1183 824 consepeliri
1213 767 1381 808 Christo
1411 783 1489 823 per
1519 766 1657 821 bapti-

233 868 397 900 smum,
435 862 481 890 ut
512 848 613 905 αἳ)
653 849 732 904 ipsi
775 848 940 889 dicant:
979 845 1238 900 „semper3)
1276 857 1458 885 mortem
1477 842 1519 897 ⁴)
1559 844 1658 884 Jcsu

233 928 390 970 Christi
427 927 470 967 in
503 941 689 981 corpore
720 936 867 966 nostro
902 924 1268 971 circumferentes,
1297 933 1343 962 ut
1375 934 1413 962 ct
1447 923 1527 962 vita
1558 922 1657 962 Jesu

232 1003 389 1047 Christi
418 1003 708 1045 manifestetur
736 1002 778 1043 in
812 1019 939 1042 carne
969 1012 1111 1041 nostra
1144 1000 1353 1040 mortali.“
1415 999 1655 1053 Quomodo

230 1095 370 1124 autem
402 1078 752 1131 manifestetur5)
789 1078 868 1118 vita
906 1078 1006 1118 Jcsu
1049 1076 1206 1118 Christi
1244 1077 1288 1117 in
1332 1094 1541 1132 corpore,
1571 1078 1656 1132 ipsc

227 1161 387 1201 Paulus
418 1157 613 1206 ostendit,
645 1174 740 1197 cum
775 1155 895 1196 dicit:
925 1155 1043 1203 „vivo
1061 1151 1107 1207 6)
1139 1165 1301 1202 autem,
1332 1152 1416 1209 jam
1447 1171 1535 1195 non
1569 1170 1657 1205 ego,

228 1238 327 1279 vivit
356 1253 456 1277 vero
489 1236 532 1277 in
567 1251 635 1275 me
667 1233 896 1274 Christus.“
957 1231 1054 1272 Hoc
1084 1230 1197 1271 idem
1230 1231 1362 1286 est,⁷)
1393 1233 1511 1286 quod
1538 1233 1656 1288 Apo-

226 1316 358 1356 stolus
388 1314 578 1354 Joannes
606 1311 650 1353 in
677 1312 854 1367 epistola
877 1326 950 1351 sua
968 1308 1125 1355 scribit,
1154 1325 1251 1349 cum
1277 1308 1396 1349 dicit:
1428 1310 1593 1358 „omnis
1611 1308 1656 1363 8)

226 1394 410 1449 spiritus,
439 1390 512 1447 qui
545 1389 774 1430 confitetur
811 1389 958 1429 Jesum
993 1386 1209 1427 Christum
1251 1386 1296 1426 in
1328 1404 1456 1427 carne
1485 1386 1657 1433 venisse,

228 1487 275 1511 ex
305 1470 403 1511 Deo
437 1473 533 1509 est.“
592 1467 640 1507 In
687 1483 773 1522 quo
816 1466 962 1521 utique
1000 1482 1091 1506 non
1133 1465 1188 1514 is,
1232 1464 1305 1520 qui
1343 1465 1522 1522 syllabas
1563 1465 1656 1505 istas

225 1546 580 1605 pronuntiaverit,
611 1556 647 1585 et
665 1543 711 1599 9>
742 1542 964 1585 communi
997 1541 1263 1582 confessione
1292 1542 1543 1596 protulerit,
1573 1542 1655 1582 Dei

225 1625 375 1681 spiritu
407 1624 472 1675 agi
502 1622 733 1671 videbitur,
772 1623 845 1662 sed
893 1620 965 1677 qui
1002 1620 1127 1660 vitam
1159 1634 1278 1660 suam
1311 1618 1368 1659 ita
1399 1620 1655 1666 sormaverit,

228 1714 267 1743 et
295 1702 353 1743 ita
383 1703 544 1742 fructus
587 1700 727 1755 operis
768 1699 972 1748 attulerit,
1013 1710 1059 1738 ut
1100 1696 1314 1737 Christum
1355 1698 1398 1737 iu
1430 1714 1557 1737 carne
1588 1714 1653 1736 ve-

224 1778 347 1829 nisse,
379 1763 419 1819 et
449 1788 668 1818 mortuum
701 1793 786 1817 esse
816 1788 1008 1831 peccato,
1040 1790 1088 1815 ac
1118 1774 1255 1814 vivere
1286 1773 1396 1823 Deo,
1427 1775 1516 1829 ipsa
1551 1791 1647 1829 opo-

225 1873 321 1897 rum
350 1871 529 1897 suorum
563 1866 602 1894 et
631 1870 830 1895 sensuum
862 1852 1065 1904 religione
1096 1852 1403 1891 monstraverit.

338 1933 567 1974 Videamus
597 1947 726 1979 nunc,
757 1941 1056 1986 posteaquam,
1078 1929 1147 1984 ¹⁰)
1179 1928 1283 1983 quid
1313 1928 1363 1968 sit
1395 1928 1649 1983 consepeliri

226 2009 421 2058 Christo,
461 2025 542 2064 pro
582 2007 738 2048 viribus
779 2007 1045 2063 aperuimus,
1099 2005 1222 2046 etiam
1267 2006 1373 2055 hoc,
1415 2007 1531 2060 quod
1575 2005 1648 2045 ait:

345 2198 387 2251 ¹)
417 2198 529 2239 Edd.
558 2196 754 2238 Merlini:
786 2195 936 2237 melius
976 2194 1147 2249 aliquid.

339 2268 386 2325 2)
418 2269 549 2309 Deest
574 2272 667 2318 „et“
697 2266 738 2307 in
773 2267 867 2307 edd.
898 2264 1084 2307 Nlerlini.
1203 2263 1248 2319 ³)
1279 2263 1315 2302 Π
1349 2264 1448 2304 Cor.
1481 2263 1551 2313 lV,
1585 2265 1644 2305 10.

336 2337 382 2395 ⁴)
415 2338 528 2378 Editi
577 2340 636 2392 (e.
687 2353 718 2376 c.
759 2338 853 2377 edd.
895 2336 1000 2392 Μ.);
1044 2345 1252 2385 „mortem
1295 2335 1476 2377 Domini
1516 2337 1645 2375 nostri

221 2397 323 2439 Jesu
356 2394 520 2436 Ch1-isi“
550 2406 627 2435 etc.
659 2392 709 2432 R.

340 2466 385 2521 5)
415 2466 526 2506 Edd.
557 2463 750 2506 Merlini:
783 2464 1085 2508 manifestatur,
1207 2461 1252 2514 ὃ)
1288 2461 1424 2501 Galat.
1461 2461 1510 2509 ll,
1540 2463 1602 2502 ⁶20.

340 2536 384 2591 7)
411 2535 690 2576 Desideratur
719 2539 829 2582 „est“
859 2533 901 2573 in
934 2534 1028 2574 edd.
1063 2533 1246 2574 Merlini.

337 2606 384 2659 8)
414 2607 431 2645 l
461 2606 620 2647 Joann.
652 2604 722 2653 IV,
752 2607 792 2646 2.

338 2677 382 2732 ⁹)
415 2677 518 2719 Msc.
554 2691 684 2715 unus:
725 2686 789 2722 „et
830 2674 973 2715 omnia
1011 2673 1113 2715 hacc
1152 2674 1416 2715 consessione
1456 2674 1620 2728 protulc

221 2735 310 2777 rit.“
349 2734 400 2774 R.

312 2802 381 2858 10)
412 2801 491 2844 Ed.
522 2800 581 2840 Μ.
615 2800 650 2840 Ῑ;
687 2812 859 2856 „postea
884 2800 984 2853 quid
1012 2800 1088 2841 εἶῐιι
1111 2813 1201 2850 vic„
1233 2802 1296 2843 ed,
1322 2799 1377 2839 M.
1414 2799 1468 2838 ll:
1501 2811 1632 2853 „post

221 2877 348 2916 quam
379 2858 479 2914 quid
512 2859 587 2900 sit“
619 2868 693 2897 cte.
