1788 3111
517 106 959 150 COMMENTARIORUM
987 107 1078 151 Lm.
1111 107 1183 150 IV.
1462 109 1547 154 309

131 218 285 260 erimus
315 220 368 259 ab
399 218 460 260 ira
491 236 569 276 per
597 219 776 275 ipsum.“
814 219 879 260 Ex
912 236 1000 275 quo
1034 219 1229 269 ostendit,
1261 222 1379 276 quod
1407 238 1549 278 neque

129 296 234 337 fides
263 309 408 338 nostra
438 297 527 338 sine
545 296 587 353 ¹)
619 294 773 338 Christi
793 296 1006 348 sanguine,
1036 313 1176 352 neque
1194 297 1359 349 sanguis
1392 297 1547 340 Christi

129 388 209 413 nos
229 373 318 414 sine
337 374 422 414 fide
439 386 581 415 nostra
603 373 820 431 justificat3
849 388 896 412 ex
926 384 1111 428 utroque
1128 384 1270 414 tamen
1292 375 1430 415 multo
1454 392 1546 416 ma-

130 449 188 502 gis
219 449 384 503 sanguis
416 450 570 492 Christi
598 450 752 505 nos,²)
784 465 912 505 quam
942 450 1046 490 fides
1071 461 1216 490 nostra
1245 447 1452 506 justificat.
1491 452 1550 492 Et

130 525 227 567 ideo
257 526 363 568 mihi
391 527 568 578 videtur,
599 544 695 567 cum
723 526 768 566 in
789 525 1078 581 superioribus
1103 525 1349 582 simpliciter
1378 527 1547 569 dixerit:

129 601 369 660 „justificati
384 605 426 659 ³)
460 620 506 644 ex
536 603 669 644 fide:“
698 602 766 644 hic
795 602 1026 644 addidisse:
1054 603 1219 653 „multo
1235 602 1282 658 4)
1321 603 1449 656 magis
1481 622 1546 645 er-

128 697 182 733 go
212 697 327 721 nunc
358 678 569 737 justificati
597 680 642 721 in
671 679 873 732 sanguine
904 677 991 736 ejus
1007 685 1043 722 :“
1072 691 1120 720 ut
1151 681 1335 730 doceret,
1367 682 1484 736 quod
1503 683 1547 736 ⁵)

129 759 185 798 ab
222 757 284 798 ira
321 769 494 799 ventura
538 756 662 798 etiam
694 757 728 798 si
759 758 863 797 fides
892 768 1037 797 nostra
1067 774 1145 798 nos
1175 758 1324 808 salvet,
1357 758 1483 799 etiam
1511 758 1546 799 si

130 852 259 890 opera
290 833 482 892 justitiae,
513 850 640 889 super
671 835 774 874 haec
792 845 936 874 tamen
964 832 1106 874 omnia
1124 835 1260 876 multo
1291 835 1420 888 magis
1449 853 1544 877 san-

127 912 217 964 guis
250 910 405 952 Christi
434 911 570 952 salvos
599 926 680 951 nos
712 909 896 964 faciat6)
928 910 981 950 ab
1010 909 1072 950 ira
1104 923 1291 953 ventura.
1350 914 1416 953 Ira
1446 929 1546 953 vero

127 989 213 1029 Dei
248 989 470 1044 quomodo
501 986 679 1040 intelligi
711 988 874 1036 debeat,
904 987 949 1027 in
978 986 1152 1028 secundi
1182 1004 1204 1027 a
1234 988 1359 1029 nobis
1389 989 1547 1030 Psalmi

127 1065 390 1121 expositione
418 1064 584 1120 plenius
616 1064 776 1106 dictum
808 1076 879 1113 est,
911 1076 950 1105 et
976 1065 1198 1120 quomodo
1217 1064 1349 1120 possit
1377 1065 1547 1121 impleri

129 1144 248 1198 quod
277 1142 479 1198 scriptum
499 1153 570 1190 est,
595 1152 643 1181 ut
664 1140 765 1181 salvi
793 1141 1027 1182 efficiamur
1049 1142 1254 1194 fugientes
1282 1143 1334 1182 ab
1366 1142 1428 1184 ira
1445 1160 1547 1184 ven-

127 1232 235 1269 tura,
266 1231 307 1260 et
336 1219 443 1260 iram
476 1217 648 1273 quidem
670 1218 890 1270 fugientes,
915 1218 972 1259 ita
990 1231 1037 1260 ut
1057 1237 1147 1260 non
1164 1236 1244 1260 nos
1268 1221 1548 1275 comprehen-

129 1298 212 1345 dat,
235 1295 498 1351 sectantes7)
529 1311 629 1335 vero
659 1292 873 1351 justifiam,
902 1295 1115 1351 pietatem,
1147 1297 1290 1344 fidem,
1320 1297 1548 1345 caritatem,

128 1373 388 1429 patientiam,
416 1370 800 1421 mansuetudinem,
833 1383 873 1412 et
903 1384 1065 1414 caetera
1106 1372 1169 1413 his
1198 1372 1362 1414 similia.
1422 1373 1547 1427 Irass)

128 1450 270 1505 itaque
302 1461 374 1498 est,
406 1447 473 1488 cui
502 1448 683 1488 traditur
711 1448 1002 1504 unusquisque
1043 1467 1124 1505 pro
1155 1466 1350 1491 mensura
1384 1461 1423 1490 et
1452 1466 1543 1489 me-

129 1526 211 1567 rito
253 1536 550 1581 peccatorum,
592 1525 688 1564 Deo
720 1536 884 1575 tamen,
932 1528 1167 1567 secundum
1198 1527 1314 1581 quod
1344 1526 1546 1581 scriptum

128 1615 190 1644 est
237 1602 282 1643 in
321 1601 625 1657 septuagesimo
667 1601 847 1656 septimo
895 1602 1142 1657 Psalm0‚⁹)
1171 1620 1262 1643 non
1292 1604 1547 1643 accendente

130 1696 302 1721 omnem
331 1679 438 1719 iram
468 1694 597 1719 suam.
658 1676 765 1732 Quis
783 1678 895 1718 enim
926 1681 1105 1720 sufferre
1126 1692 1280 1735 posset,
1311 1680 1344 1720 si
1375 1697 1547 1720 omnem

129 1755 324 1812 iram¹⁰)
356 1758 578 1796 adversum
611 1766 853 1809 peccatores
885 1758 1134 1797 accenderet
1172 1756 1402 1807 Dominus,
1449 1755 1543 1798 cum

129 1834 301 1889 tamn)
338 1832 527 1874 terribile
567 1831 619 1872 sit
654 1831 783 1880 illud,
825 1834 942 1887 quod
982 1833 1027 1873 in
1066 1832 1229 1875 cantico
1271 1833 1405 1875 Mosis
1442 1851 1543 1889 pro-

129 1910 360 1960 nuntiatur,
389 1909 464 1950 ubi
490 1909 609 1950 dicit:
642 1909 766 1965 „quia
786 1909 857 1964 ¹2)
887 1908 992 1961 ignis
1013 1927 1210 1953 accensus
1230 1923 1291 1953 est
1311 1927 1359 1952 ex
1377 1911 1447 1965 Ι3)
1477 1913 1545 1951 su—

249 2075 292 2131 ¹)
323 2076 433 2117 Edd.
464 2076 658 2117 Merlini:
692 2077 780 2117 sine
814 2077 1014 2129 sanguine
1050 2077 1215 2119 Christi.

247 2146 293 2199 ²)
324 2146 374 2184 In
406 2145 524 2186 editis
554 2148 613 2201 (v,
646 2163 679 2187 c.
710 2146 754 2186 in
786 2148 879 2187 edd.
911 2146 998 2202 7NI.)
1030 2146 1291 2188 desideratur
1318 2155 1464 2198 „nos.“
1497 2149 1544 2189 R.

247 2216 292 2271 3)
322 2216 449 2255 Rom.
480 2217 531 2264 V,
564 2218 599 2257 1.
633 2242 684 2248 —
715 2217 795 2256 Ed.
826 2217 886 2257 M.
918 2218 972 2256 II.
1003 2217 1132 2257 male:
1164 2216 1390 2274 justificari.

247 2286 293 2341 ⁴)
323 2286 448 2326 Rom.
479 2287 531 2334 V,
561 2287 598 2328 9.
718 2288 761 2340 ⁵)
793 2287 873 2327 Ed.
903 2287 963 2328 M.
1002 2287 1043 2326 I:
1078 2286 1193 2342 quia.

249 2355 295 2409 ⁶)
323 2357 436 2399 Edd.
467 2356 662 2397 Merlini:
694 2356 827 2398 faciet.
946 2356 990 2411 ⁷)
1021 2358 1039 2396 Ι
1072 2356 1257 2400 Timoth.
1290 2359 1363 2406 VI,
1393 2359 1456 2400 11,

247 2428 290 2476 ⁶)
322 2424 436 2465 Editi
467 2426 591 2476 (1.6.
625 2427 717 2467 edd.
750 2425 856 2482 M.)
890 2427 998 2475 „Ista
1029 2425 1211 2482 itaque.“
1279 2428 1383 2469 Msc.
1416 2445 1543 2469 unus:

133 2484 223 2531 „Ira
255 2481 442 2536 utique.“
472 2482 524 2522 R.

249 2549 294 2605 9)
324 2550 478 2591 Psalm.
510 2552 746 2601 LXXVIII,
776 2551 844 2595 38.
875 2552 1139 2608 (LXXVII.)

224 2620 295 2674 ¹⁰)
322 2621 456 2662 Deest
481 2623 641 2671 „iram“
670 2621 715 2662 in
746 2624 808 2663 ed.
839 2622 901 2664 M.
932 2623 984 2661 Π.

228 2689 298 2743 ¹¹)
332 2690 463 2731 Deest
491 2691 535 2731 in
567 2690 686 2732 editis
714 2691 775 2748 (v.
808 2710 842 2734 c.
870 2691 914 2732 in
946 2692 1040 2732 edd.
1072 2690 1175 2743 M.):
1208 2696 1356 2738 „tumst
1386 2692 1433 2731 R.

230 2759 296 2812 12)
329 2760 454 2799 Dent.
485 2761 669 2811 XXXII,
698 2762 766 2803 2⁸2.

231 2829 301 2883 ¹³)
331 2830 412 2872 Ed.
439 2830 492 2871 R.
523 2831 636 2872 sola:
666 2830 711 2872 in
740 2832 887 2873 furore
916 2848 1026 2873 meo.
1086 2829 1172 2872 Csr.
1207 2829 1233 2871 l,
1266 2830 1292 2869 Ι,
