1788 3111
230 155 315 197 220
567 149 788 193 Ornoi-,ms
815 162 862 193 m
891 148 969 195 Ep,
998 161 1057 192 An
1090 149 1314 195 Rommos'

230 256 346 316 Deo,
377 277 417 307 et
447 276 690 321 reputatum
723 276 783 306 cst
813 263 849 306 ei
880 265 935 305 ad
973 263 1212 322 justitiam.“
1272 264 1459 308 Tantum
1492 279 1570 318 est,
1610 280 1657 309 ut

226 346 274 395 is,
305 343 378 400 qui
405 341 654 401 justificatur
682 358 760 398 per
790 341 964 393 gratiam
990 343 1103 392 fidei,
1133 342 1246 383 dicat
1281 345 1514 386 secundum
1544 344 1658 387 Pau-

226 422 333 471 lum,
362 420 463 476 quia
492 418 704 475 „gratia¹)
734 418 831 468 Dei,
861 435 970 474 quae
983 417 1029 476 ²)
1059 419 1165 460 mihi
1186 421 1279 461 data
1299 432 1369 470 est,
1397 419 1533 463 inanis
1565 439 1657 464 non

226 499 345 540 fuit.“
400 497 653 540 Excluditur
684 512 781 548 ergo
814 497 951 538 omnis
969 497 1178 549 gloriatio,
1210 513 1318 551 quae
1343 513 1391 537 ex
1420 497 1520 548 legis
1551 515 1656 554 ope-

227 577 344 618 ribus
373 575 496 616 venit.
554 575 611 615 Et
648 585 695 614 ut
733 573 873 614 adhuc
915 573 1171 615 manifestius
1210 575 1282 615 fiat
1313 575 1432 629 quod
1461 574 1652 623 dicimus,

229 654 468 710 exemplum
490 651 685 692 dabimus
717 666 763 690 ex
793 649 868 698 his,
901 666 1009 704 quae
1035 651 1079 691 in
1108 649 1338 702 Evangelio
1363 649 1518 706 scriPta
1547 662 1657 699 sunt,

227 731 306 772 u=bi
337 729 554 771 adscendit
582 727 832 768 Pharisaeus
864 739 904 768 et
931 728 1184 782 publicanus
1226 729 1278 769 ad
1311 728 1520 782 templum
1555 726 1659 779 Dei,

227 819 296 858 „et
312 807 358 863 3)
399 819 531 855 stans,
560 805 720 860 inquit,
748 804 996 847 Pharisaeus
1025 804 1069 846 in
1099 804 1264 854 medio,
1299 804 1486 845 dicebat:
1524 803 1657 853 Deus,

226 885 376 938 gratias
407 900 483 936 ago
515 884 605 932 tibi,
639 882 842 938 quoniam
872 899 962 923 non
995 899 1089 923 sum
1127 882 1235 923 sicut
1264 881 1416 922 caeteri
1447 880 1656 932 homines,

225 976 439 1020 raptores,
468 959 632 1017 injusti,
662 958 912 1014 adulteri,4)
943 960 1007 999 vel
1037 972 1085 1001 ut
1118 960 1241 1001 etiam
1282 959 1537 1014 publicanus
1565 956 1655 1000 iste⁴

224 1040 385 1099 Jejuno
415 1039 479 1081 bis
508 1038 553 1080 in
594 1038 796 1088 sabbato,
837 1036 1019 1078 decimas
1050 1039 1106 1078 do
1139 1036 1349 1085 omnium,
1380 1051 1490 1091 quae
1519 1034 1655 1090 possi-

227 1119 310 1159 deo
325 1123 360 1168 ,“
406 1129 445 1158 et
474 1116 648 1172 reliqua.
719 1115 776 1155 Et
806 1114 909 1154 haec
940 1113 1124 1155 fortassis
1151 1130 1247 1155 vere
1278 1112 1447 1160 dixerit,
1485 1114 1558 1153 sed
1589 1127 1653 1153 se-

226 1196 416 1236 cundum
456 1192 639 1234 Domini
676 1191 923 1233 sententiam
966 1188 1189 1246 jactantiae
1227 1191 1384 1231 morbo
1427 1200 1652 1243 corruptus

222 1288 316 1312 non
346 1271 563 1312 descendit
594 1269 838 1326 justificatus
880 1269 933 1308 de
969 1268 1147 1323 templo.
1205 1265 1320 1307 Talis
1359 1279 1457 1315 ergo
1498 1265 1653 1315 gloria-

225 1349 324 1399 tio,
349 1364 460 1403 quae
497 1347 694 1387 veniebat
735 1361 781 1385 ex
822 1343 1022 1399 operibus
1053 1344 1174 1395 legis,
1211 1339 1519 1396 excluditur‚⁵)
1553 1340 1651 1396 quia

221 1442 313 1467 non
343 1425 472 1466 habet
505 1423 786 1465 humilitatem
819 1421 952 1462 crucis
984 1419 1161 1461 Christi:
1205 1419 1248 1460 in
1281 1434 1364 1474 qua
1396 1417 1468 1473 qui
1498 1418 1654 1472 gloria-

220 1514 312 1553 tur,
343 1501 443 1543 audi
475 1501 576 1556 quid
614 1499 735 1541 dicit:
774 1497 965 1553 ,‚mihi⁶)
1005 1508 1145 1538 autem
1184 1496 1290 1538 absit
1329 1494 1524 1547 gloriari,
1568 1495 1650 1537 nisi

222 1580 268 1621 in
310 1596 435 1621 cruce
481 1579 663 1620 Domini
709 1576 792 1619 mci
810 1576 853 1632 7)
892 1576 994 1617 Jesu
1035 1572 1211 1622 Christi,
1259 1589 1337 1628 per
1378 1588 1505 1627 quem
1543 1572 1650 1613 mihi

218 1658 406 1698 mundus
437 1655 658 1697 crucifixus
689 1665 759 1703 est,
792 1665 831 1693 et
861 1668 936 1704 ego
969 1653 1174 1693 mund0.“
1232 1650 1362 1696 Vides
1393 1643 1650 1704 Apostolum

217 1750 310 1775 non
341 1733 590 1785 gloriantem
620 1747 748 1786 super
790 1729 945 1787 justitia
972 1725 1078 1776 sua,
1108 1742 1248 1781 neque
1285 1742 1412 1781 super
1454 1726 1648 1776 castitate,

219 1827 360 1866 neque
388 1826 516 1865 super
545 1807 791 1864 sapientia,
812 1821 952 1861 neque
976 1821 1104 1859 super
1135 1803 1303 1844 caeteris
1335 1803 1553 1845 virtutibus
1582 1804 1646 1844 vel

221 1889 384 1931 actibus
414 1886 517 1936 suis,
558 1886 633 1926 sed
663 1883 920 1940 apertissime
956 1880 1304 1937 pronuntiantem
1337 1891 1376 1920 et
1407 1880 1640 1922 dicentem:

222 1964 386 2022 „qui⁸)
428 1963 650 2016 gloriatur,
696 1962 738 2002 in
776 1959 972 2002 Domino
1015 1957 1254 2010 glorietur.“
1322 1957 1378 1997 Et
1418 1956 1475 1997 sic
1507 1958 1647 1998 exclu-

216 2061 262 2086 sa
278 2042 323 2100 9)
355 2053 414 2084 est
441 2040 622 2082 Judaica
655 2038 874 2093 gloriatio,
910 2054 1001 2078 non
1039 2051 1117 2090 per
1151 2035 1285 2085 legem
1329 2050 1531 2089 operum,
1569 2036 1643 2076 sed

217 2139 297 2179 per
330 2121 466 2172 legem
490 2116 603 2167 fidei,
634 2133 741 2172 quae
772 2127 830 2158 est
856 2114 902 2156 in
932 2113 1100 2155 Christo
1132 2112 1256 2162 Jesu,
1296 2110 1339 2152 in
1371 2109 1489 2168 cujus
1520 2128 1647 2154 cruce

333 2281 378 2336 1)
408 2279 427 2319 I
463 2278 560 2320 Cor.
591 2278 688 2326 XV,
718 2278 783 2320 10.

337 2351 385 2405 2)
414 2349 525 2390 Edd.
555 2346 749 2388 Merlini:
782 2360 889 2400 quae
921 2345 1015 2385 data
1048 2355 1107 2385 est
1133 2342 1250 2384 mihi.

336 2421 385 2477 3)
415 2420 517 2460 Luc.
547 2417 706 2464 XVIII,
735 2416 926 2457 10—12.

336 2491 383 2548 ⁴)
413 2490 525 2531 Edd.
555 2486 755 2527 Nlerlini:
788 2484 981 2533 adulteri,
1010 2482 1115 2523 sicut
1145 2481 1398 2537 publicanus
1427 2481 1510 2520 iste.

339 2561 383 2617 5)
414 2559 689 2600 Desideratur
723 2555 766 2595 in
807 2554 925 2595 libris
969 2565 1089 2595 antea
1123 2553 1242 2593 editis
1281 2550 1340 2606 (e.
1387 2567 1418 2591 c.
1462 2549 1504 2590 in
1544 2551 1639 2590 edd.

220 2619 329 2677 ’.Μ,);
360 2614 661 2668 ,,θΧοΙιι(1ἰωι’.“
691 2610 742 2651 R.

335 2688 383 2743 6)
418 2685 555 2727 Galat.
585 2682 658 2732 VI,
688 2681 753 2724 14.

333 2758 377 2812 ⁷)
408 2757 517 2798 Edd.
547 2751 740 2795 Merlini:
771 2749 914 2791 nostri,

335 2827 382 2881 8)
412 2827 429 2866 Ι
462 2825 561 2867 Cor.
592 2824 624 2872 l,
651 2824 720 2866 31.
751 2822 846 2864 coll.
878 2822 1033 2864 Jerem.
1063 2818 1138 2869 lx,
1166 2819 1232 2862 23.

337 2897 386 2953 ⁹)
415 2898 541 2940 Rom.
573 2894 647 2946 III,
674 2894 742 2937 27.
