1788 3111
521 118 961 160 COMMENrAmoRuM
990 116 1081 160 Lm.
1110 115 1182 157 ΙΙΙ.
1481 116 1564 160 165

145 231 336 279 inducat,
378 246 460 286 pro
492 246 565 281 eo,
603 230 720 286 quod
749 227 904 286 justitia
934 225 1020 285 ejus
1054 244 1101 270 ex
1129 240 1273 271 nostra
1302 227 1500 286 injustitia
1520 228 1563 282 ¹)

145 309 491 349 commendetur:
521 306 761 358 ignorantes
785 315 939 354 autem,
966 321 1059 346 non
1087 317 1364 360 peccatorum
1389 317 1562 347 nostro-

142 401 240 425 rum
280 383 513 432 beneficio,
551 384 623 424 sed
660 380 789 438 ipsius
829 382 1003 423 rationis
1041 381 1134 422 fieri
1176 381 1560 438 consequentia,²)

143 472 190 501 ut
220 461 432 502 contraria
463 476 509 500 ex
550 457 768 500 contrariis
808 460 1115 515 approbentur.
1173 459 1278 500 Ideo
1311 474 1409 510 ergo
1439 457 1559 514 s103)

143 538 247 580 dicit
276 538 526 593 Apostolus:
568 535 634 585 „si
647 533 694 589 ¹²)
733 547 874 576 autem
913 534 1114 593 injustitia
1150 547 1295 577 nostra
1325 535 1410 576 Dei
1439 534 1560 592 justi-

143 615 245 656 tiam
277 613 563 662 commendat,
594 612 699 667 quid
729 611 948 654 dicemus?
988 612 1213 668 Numquid
1240 612 1410 667 iniquus
1427 611 1560 661 Deus,

144 692 215 748 qui
244 691 374 732 infert
401 688 539 730 iram?
581 689 829 731 Secundum
859 689 1082 731 hominem
1114 690 1224 731 dico.
1263 687 1397 729 Absit.
1437 687 1559 728 Alio-

142 768 245 824 quin
277 767 502 823 quomodo
533 764 742 822 judicabit
770 766 888 809 Deus
918 765 1198 808 mundum?“
1255 769 1355 810 Non
1386 780 1484 816 ergo
1514 763 1558 805 in

141 846 226 886 hoc
255 844 425 899 iniquus
456 845 722 899 approbatur
751 843 882 894 Deus,
909 844 943 886 si
974 844 1222 900 disciplinae
1252 842 1360 885 ratio
1378 841 1423 896 ⁵)
1453 857 1558 882 con-

138 922 267 963 traria
310 937 358 961 ex
397 920 617 963 contrariis
656 921 891 976 approbat,
942 933 981 962 et
1026 938 1074 962 ex
1118 920 1318 977 injustitia
1356 918 1556 975 justitiam

139 999 433 1049 commendam
460 999 534 1039 sed
565 1014 663 1039 cum
693 997 814 1038 omni
844 998 1145 1054 consequentia
1166 998 1292 1049 digne
1306 996 1352 1052 ὃ)
1383 995 1558 1037 merito-

139 1092 222 1131 que
250 1075 423 1116 inimica
454 1085 512 1115 est
542 1086 581 1115 et
611 1076 854 1116 adversatur
879 1074 1108 1133 injustitiae
1134 1074 1313 1132 justitia,
1341 1073 1448 1115 sicut
1475 1073 1556 1115 ini-

137 1153 249 1194 mica
280 1164 318 1193 et
350 1155 521 1193 adversa
553 1163 613 1192 est
638 1152 720 1193 vita
757 1154 907 1201 morti,
952 1164 991 1193 et
1020 1154 1092 1194 lux
1119 1150 1315 1193 tenebris.
1372 1150 1428 1190 Et
1455 1150 1554 1191 ideo

140 1229 294 1270 dieitur
322 1229 464 1278 Deus,
493 1227 539 1268 in
569 1245 655 1284 quo
690 1240 748 1271 est
775 1227 941 1285 justitia,
970 1229 1128 1271 inferre
1156 1228 1264 1269 iram
1294 1226 1556 1274 horninibus,

137 1306 181 1348 in
222 1306 373 1361 quibus
412 1305 574 1347 habitat
610 1304 823 1362 injustitia.
889 1305 998 1347 Istae
1039 1305 1149 1347 enim
1191 1304 1271 1346 sibi
1307 1303 1556 1345 naturaliter

137 1384 423 1425 adversantur.
491 1381 547 1422 Et
586 1385 810 1437 quomodo
852 1381 978 1423 etiam
1025 1398 1073 1422 ex
1113 1382 1198 1423 hoc
1244 1381 1337 1437 ipso
1372 1379 1554 1436 *injustus

139 1459 349 1500 videbitur
382 1459 524 1507 Deus,
570 1458 643 1514 qui
684 1459 925 1500 adversatur
963 1457 1224 1515 injustitiae?
1289 1458 1345 1498 Et
1387 1457 1550 1499 idcirco

136 1535 318 1577 fortassis
357 1551 449 1575 non
487 1534 588 1576 dixit
624 1536 877 1591 Apostolus,
922 1534 1021 1590 quia
1055 1551 1137 1577 nos
1175 1535 1371 1577 homines
1409 1533 1554 1591 injusti

137 1614 487 1654 commendamus
515 1609 716 1668 justitiam
747 1612 851 1663 Dei3
885 1613 960 1653 sed
991 1611 1066 1653 ait:
1094 1611 1213 1667 „si⁷)
1242 1610 1442 1669 injustitia
1470 1627 1553 1651 110⁴-

132 1701 216 1732 stra
245 1688 330 1729 Dei
360 1687 558 1744 justitiam
580 1690 911 1729 commendat:“
940 1700 987 1729 ut
1017 1691 1269 1738 ostenderet,
1297 1704 1387 1728 non
1406 1688 1552 1735 Deum

134 1766 401 1815 hominibus,
438 1767 513 1806 sed
550 1765 752 1822 justitiam
781 1763 1010 1821 injustitiae
1044 1783 1129 1808 esse
1168 1765 1449 1807 contrariam:
1484 1763 1550 1804 in-

133 1844 232 1885 duci
263 1854 403 1884 autem
432 1842 680 1884 hominibus
709 1843 817 1883 iram
848 1858 929 1898 pro
961 1859 1036 1893 eo,
1071 1844 1191 1899 quod
1218 1841 1265 1883 in
1292 1853 1423 1883 semet
1451 1839 1550 1896 ipsis

132 1922 278 1961 locum
318 1918 546 1977 injustitiae
585 1920 791 1961 dederint.
848 1920 950 1960 Non
991 1934 1090 1971 ergo
1128 1917 1306 1976 injustus
1337 1917 1550 1958 videbitur

132 1998 264 2047 Deus,
294 1997 367 2052 qui
399 2007 455 2038 est
483 1995 652 2052 iustitia,
684 2013 781 2037 cum
810 1996 1005 2038 irascitur
1035 1997 1257 2038 adversum
1287 1992 1548 2050 injustitiam,

133 2068 202 2114 cui
233 2090 327 2114 eum
357 2089 449 2113 non
478 2074 599 2113 decet
628 2089 714 2113 esse
742 2073 999 2128 propitium:
1028 2074 1101 2113 sed
1130 2071 1323 2128 pervenit
1349 2070 1412 2110 ira
1441 2069 1547 2110 haec

133 2151 259 2192 etiam
289 2149 333 2190 in
373 2148 588 2198 homines,
628 2149 701 2204 qui
729 2165 773 2190 se
802 2148 1016 2189 ministros
1045 2146 1294 2203 injustitiae,
1331 2147 1399 2188 cui
1427 2145 1546 2187 Deus

132 2227 345 2276 irascitur,
385 2225 686 2282 praebuerunt.
742 2224 893 2280 Neque
931 2224 1045 2266 enim
1083 2224 1127 2266 in
1158 2223 1249 2265 ullo
1279 2234 1419 2279 potest
1444 2222 1544 2265 subo

248 2366 292 2422 ¹)
321 2366 403 2407 Ed.
433 2364 589 2406 Ruaei:
617 2363 780 2421 justitia.

246 2435 293 2491 ²)
322 2436 434 2477 Edd.
461 2434 659 2475 Merlini:
689 2433 1046 2491 consequentiam.

243 2505 291 2562 ³)
321 2506 433 2547 Edd.
463 2505 658 2546 Merlini:
687 2505 805 2547 sieut.

245 2574 292 2628 4)
321 2576 451 2617 Rom.
480 2575 556 2625 III,
584 2576 622 2617 5.
653 2575 691 2618 6.

245 2644 291 2699 ⁵)
322 2645 437 2686 Alias
466 2646 525 2701 (e.
558 2662 591 2686 c.
620 2645 667 2686 in
698 2647 793 2687 edd
822 2645 928 2701 Μ.;)
957 2657 1159 2696 „ratione
1162 2650 1186 2670 ‘⁴
1215 2644 1265 2683 R.

245 2713 293 2769 ⁶)
323 2715 438 2756 Editi
469 2715 527 2770 (e.
558 2732 592 2756 c.
612 2716 707 2756 edd.
727 2715 831 2770 M.):
864 2715 1016 2767 „digne
1043 2715 1212 2763 merito,
1239 2713 1339 2769 quia
1366 2711 1540 2756 inimica

134 2785 190 2814 cst
219 2787 326 2826 quae
360 2773 602 2812 adve1satur
632 2771 834 2830 injustitia
861 2771 1073 2829 justitiae“
1104 2782 1181 2813 etc.
1213 2769 1262 2811 R

249 2838 294 2895 ⁷)
322 2839 447 2882 Rom
476 2840 550 2892 111,
579 2841 620 2885 5
