1788 3111
517 121 956 165 COMMENTARIORUM
984 121 1074 164 Lm.
1103 120 1177 162 III.
1473 124 1556 169 179

139 235 356 295 justificari
384 251 476 277 non
504 250 640 291 posse.
698 233 898 290 Denique
927 244 967 274 et
994 233 1037 274 in
1069 233 1328 292 Apocalypsi
1346 235 1388 292 ¹)
1418 234 1555 277 Joan-

139 314 218 364 nis,
247 314 322 355 ubi
352 313 461 354 liber
486 312 666 364 signatus
687 311 866 352 offertur
890 311 934 352 in
957 322 1189 366 conspectu
1210 311 1353 353 vetusti
1377 312 1556 364 dierum,

142 402 184 432 et
213 390 427 446 quaeritur
456 405 502 430 ex
534 388 654 430 omni
680 388 815 438 tribu,
855 387 998 440 lingua
1037 399 1076 428 et
1111 388 1305 443 populis,
1343 389 1416 444 qui
1457 406 1554 431 eum

142 467 274 523 possit
309 466 494 522 aperire,
532 466 673 506 nullus
709 465 904 507 inventus
943 476 1022 514 est,
1061 464 1139 506 nisi
1179 464 1293 506 solus
1333 481 1461 517 agnus
1501 468 1554 508 de

141 544 255 586 tribu
285 544 420 592 Juda,
457 541 529 597 qui
559 540 804 597 justificatus
836 553 895 584 est
922 540 965 581 in
997 552 1224 596 conspectu
1256 541 1360 582 Dei:
1401 554 1439 582 et
1466 543 1555 598 ipse

141 622 256 663 solus
294 620 450 661 librum
488 618 643 659 meruit
681 618 866 674 aperire,
910 617 982 674 qui
1020 618 1134 659 solus
1172 617 1260 673 ipse
1301 629 1377 667 est,
1421 618 1555 673 qui2)

142 696 322 752 ‚,aperit,
364 707 403 736 et
442 710 570 735 nemo
615 695 863 750 claudit:³)
905 695 1084 745 claudit,
1127 706 1170 736 et
1205 711 1334 735 nemo
1378 695 1558 750 aperit.“

144 773 270 814 Solus
303 786 399 823 ergo
423 770 616 813 Salvator
643 783 799 821 noster,
829 770 1043 814 Dominus
1063 771 1185 813 Jesus
1208 770 1411 820 Christus,
1439 770 1556 828 justi—

141 850 293 890 ficatur
334 847 380 888 in
423 860 652 904 conspectu
693 847 851 898 Patris,
899 848 997 903 quia
1039 847 1412 905 ,‚quaecunque4)
1457 849 1559 890 facit

140 925 280 975 Pater,
308 925 412 966 haec
443 936 482 965 et
510 924 644 966 Filius
673 925 773 967 facit
800 924 1028 966 similiter.“
1089 924 1239 967 Omnis
1270 936 1409 966 autem
1442 942 1559 966 crea-

141 1013 236 1043 tura
269 1016 317 1042 ex
347 1001 670 1056 comparatione
697 1001 951 1044 inferiorum
980 1001 1241 1058 iustificatur.
1292 1002 1351 1042 Ut
1377 1002 1410 1042 si
1441 1003 1559 1043 verbi

144 1095 267 1120 causa
305 1080 516 1121 dicamus:
566 1080 620 1120 ad
662 1079 1029 1136 comparationem
1068 1079 1220 1135 reliqui
1260 1079 1413 1135 populi
1451 1077 1560 1136 justa

141 1155 223 1196 fuit
258 1155 398 1197 Maria
436 1172 560 1197 soror
604 1155 759 1199 Mosis:
805 1167 846 1198 et
884 1173 1052 1197 rursum
1094 1157 1148 1197 ad
1192 1157 1558 1213 comparationem

143 1231 306 1273 Mariae
343 1231 473 1288 justus
512 1243 599 1273 erat
628 1234 796 1273 Aaron:
836 1243 876 1273 et
911 1232 1066 1273 iterum
1104 1234 1158 1274 ad
1192 1233 1558 1289 comparationem

144 1310 290 1350 Aaron
322 1307 454 1365 justus
485 1320 573 1350 erat
589 1307 745 1351 Moses.
801 1307 1127 1350 Beatus‘tamen
1159 1321 1229 1359 est,
1261 1311 1334 1365 qui
1365 1327 1411 1351 ex
1443 1327 1561 1351 com-

144 1385 366 1441 paratione
395 1386 622 1427 meliorum
651 1384 782 1443 justus
814 1387 1072 1441 appellatur,
1114 1396 1153 1426 et
1182 1403 1273 1427 non
1307 1403 1355 1427 ex
1385 1403 1562 1442 compa-

144 1462 309 1503 ratione
338 1461 633 1517 pessimorum,
661 1462 767 1503 sicut
788 1463 995 1512 Sodoma,
1024 1478 1132 1517 quae
1162 1478 1210 1503 ex
1241 1463 1562 1518 comparatione

143 1537 379 1580 Jerusalem
409 1536 628 1593 justificata
665 1551 940 1580 memoratur.
960 1539 1004 1594 ⁵)
1062 1539 1191 1580 Unde
1221 1551 1260 1580 et
1292 1555 1367 1592 ego
1400 1556 1562 1590 vereor,

144 1630 200 1654 ne
231 1630 279 1654 ex
307 1614 445 1664 nobis,
475 1614 548 1669 qui
580 1614 774 1655 videmur
805 1631 891 1656 esse
918 1615 962 1656 in
996 1616 1168 1658 ecclesia
1186 1616 1283 1665 Dei,
1312 1628 1351 1657 et
1372 1617 1452 1668 legi
1474 1616 1563 1673 ejus

145 1707 322 1747 operam
357 1692 471 1740 dare,
500 1707 548 1732 ac
572 1692 808 1747 praeceptis
828 1691 1072 1744 evangelicis
1095 1692 1314 1743 deservire,
1343 1693 1564 1735 invenian-

145 1779 215 1808 tur
245 1767 375 1823 aliqui
414 1767 652 1809 infidelium
682 1766 947 1823 justificandi.
1006 1769 1065 1810 Ut
1092 1769 1209 1811 verbi
1249 1787 1371 1811 causa
1402 1770 1562 1812 dicam:

143 1844 178 1886 si
205 1861 284 1886 nos
315 1843 486 1885 libidini
517 1856 555 1885 et
583 1844 875 1900 impudicitiae
902 1845 1152 1896 serviamus,
1191 1857 1229 1887 et
1261 1845 1461 1897 Gentilis,
1491 1847 1564 1902 qui

146 1921 307 1962 alienus
338 1932 396 1963 est
426 1937 449 1962 a
477 1922 563 1963 fide
585 1920 754 1973 Christi,
786 1922 996 1965 custodiat
1024 1922 1268 1973 castitatem,
1295 1923 1367 1964 ille
1386 1922 1565 1966 Gentilis

145 1996 395 2055 justificatur
425 2014 473 2038 ex
502 1999 638 2040 nobis.
697 1998 901 2042 Similiter
931 2012 971 2041 et
999 2000 1032 2041 si
1060 2017 1140 2041 nos
1170 2000 1364 2049 avaritia,
1400 2001 1566 2056 rapaci—

146 2084 252 2123 tate,
293 2073 514 2129 superbia,
559 2086 600 2115 et
638 2075 807 2117 caeteris
843 2074 1091 2131 hujusmodi
1129 2076 1249 2117 malis
1286 2078 1566 2128 involvamur,

150 2149 356 2191 abstineat
394 2160 532 2190 autem
572 2150 624 2190 ab
665 2150 728 2192 his
768 2152 967 2193 omnibus
1005 2151 1204 2202 Gentilis,
1243 2164 1282 2194 et
1319 2153 1447 2209 hi,⁶)
1491 2155 1566 2210 qui

146 2227 282 2277 legem
312 2225 396 2266 Dei
424 2223 638 2276 nesciunt,
677 2226 737 2268 illi
774 2225 1118 2284 justificabuntur
1156 2245 1203 2269 ex
1232 2230 1376 2279 nobis,
1419 2234 1457 2271 e't
1486 2248 1564 2273 nos

149 2317 196 2343 ex
226 2302 400 2343 illorum
435 2303 758 2359 comparatione
787 2304 1100 2346 damnabimur.
1145 2305 1263 2359 Quin
1293 2306 1435 2362 potius
1461 2324 1565 2362 ope—

149 2395 242 2421 ram
274 2380 439 2429 demus,
468 2392 514 2420 ut
542 2380 650 2421 sicut
677 2381 762 2422 fide
790 2383 1085 2437 praecedimus
1119 2381 1287 2432 Gentes,
1319 2384 1375 2424 ita
1404 2384 1564 2425 actibus

151 2466 192 2496 et
230 2455 431 2511 operibus
475 2457 802 2512 praecellamus,
851 2473 907 2499 ne
948 2459 1060 2500 mala
1099 2471 1244 2502 nostra
1284 2461 1388 2501 fiant
1429 2461 1564 2501 aliena

151 2532 289 2583 bona,
328 2544 367 2573 et
403 2533 579 2574 illorum
607 2535 886 2591 temperantia
923 2547 1114 2578 nostram
1152 2538 1376 2588 redarguat
1411 2536 1566 2578 intem-

270 2697 312 2751 ¹)
344 2699 523 2753 Apocal.
553 2700 604 2740 V.
721 2699 768 2756 ²)
798 2702 979 2757 Apocal.
1010 2701 1083 2751 III,
1114 2703 1150 2744 7.

268 2765 315 2819 ³)
344 2767 425 2808 Ed.
454 2768 516 2810 Μ.
548 2769 606 2809 II:
638 2771 818 2813 claudet.
935 2769 976 2825 4)
1005 2771 1081 2813 Ev.
1112 2771 1270 2812 Joann.
1300 2772 1350 2822 V,
1381 2772 1445 2816 19.

271 2834 316 2889 ⁵)
346 2836 500 2878 Ezech.
531 2838 647 2890 XVI,
676 2842 745 2883 51.
771 2841 836 2885 52.
954 2842 1000 2896 ⁶)
1031 2841 1140 2883 Edd.
1170 2841 1366 2883 Merlini:
1397 2843 1437 2883 ii.

1232 2919 1321 2963 12*
