1788 3111
231 119 318 164 240
569 112 793 156 Omemus
821 124 870 155 m
898 111 976 155 Ep,
1005 122 1065 154 An
1100 112 1326 156 RomAuos

229 234 348 276 hunc
376 245 545 272 sensum
578 240 618 270 et
635 227 757 278 illud,
789 227 908 283 quod
927 226 971 268 in
989 225 1205 278 evangelio
1235 224 1457 268 scribitur:
1486 242 1598 282 „qua
1618 225 1661 282 ¹)

230 326 431 353 mensura
457 306 596 349 mensi
623 305 797 356 fueritis,
827 305 976 346 eadem
1007 303 1252 345 remetietur
1280 303 1448 345 vobis:“
1479 305 1532 345 de
1559 304 1664 347 sini-

230 390 323 432 stris
363 385 563 443 operibus
609 382 910 439 accipiendum
959 393 1079 438 puto.
1147 381 1299 436 Neque
1351 379 1464 422 enim
1507 381 1665 433 gratiae

231 483 333 510 suae
360 478 607 507 mensuram
643 460 787 503 statuit
814 458 954 508 Deus,
993 475 1091 499 cum
1130 456 1335 512 scriptum
1373 457 1446 499 sit:
1484 457 1664 513 „non.²)

232 543 348 587 enim
379 543 434 584 ad
471 555 716 582 mensuram
757 538 829 578 dat
866 537 985 577 Deus
1022 534 1259 592 spiritum.“
1328 534 1375 576 Si
1416 550 1514 586 ergo
1554 535 1664 577 haec

232 632 439 680 putantur
467 629 580 659 recte
610 616 806 664 discussa,
836 624 1146 669 consequenter
1174 612 1321 667 utique
1351 628 1419 662 ea,
1451 627 1560 667 quae
1590 628 1666 653 co·-

233 701 431 748 haerent,
470 695 732 748 videbuntur
769 692 1068 743 intelligenda,
1110 701 1156 731 ut
1174 689 1220 745 3)
1265 689 1459 745 operanti
1491 688 1667 745 quidem

235 793 368 834 opera
396 772 625 830 iniquitatis
644 787 806 813 merces
826 771 1061 811 secundum
1092 767 1258 825 peccati
1288 767 1480 808 debitum
1513 782 1667 821 repen-

236 857 386 904 datur,
417 849 606 893 credenti
633 865 734 890 vero
765 847 810 888 in
841 863 953 897 eum,
986 846 1058 902 qui
1087 845 1287 904 justificat
1316 843 1522 900 impium,
1560 843 1666 885 fides

235 935 290 975 ad
320 929 521 990 justitiam
552 937 796 983 reputetur:
826 924 861 966 si
893 924 1067 981 quidem
1098 925 1210 964 bene
1238 921 1510 963 meminimus
1539 936 1668 976 supe-

233 1010 364 1060 riom,
391 1008 436 1049 in
468 1005 619 1062 quibus
651 1002 922 1052 ostendimus,
951 1019 1042 1043 non
1070 1001 1121 1052 ei,
1154 1001 1227 1056 qui
1253 1017 1299 1041 ex
1327 1010 1460 1055 parte,
1490 999 1564 1040 sed
1592 995 1668 1052 qui

236 1105 286 1131 ex
313 1087 493 1137 integro,
525 1095 564 1124 et
595 1081 668 1137 qui
697 1079 885 1137 perfecte
915 1080 1062 1129 credit,
1091 1080 1222 1120 fidem
1238 1093 1363 1133 posse
1390 1074 1667 1133 adjustitiam

234 1162 445 1222 reputari:
476 1176 586 1216 quae
614 1159 718 1199 fides
747 1168 862 1198 tanta
893 1167 963 1207 est,
992 1167 1039 1197 ut
1070 1154 1267 1212 justificet
1296 1155 1421 1196 etiam
1453 1169 1563 1202 eum,
1593 1151 1668 1208 qui

233 1241 390 1298 impius
421 1238 559 1287 fuerit,
588 1248 636 1277 ut
663 1237 776 1276 ultra
802 1234 890 1290 jam
915 1249 1007 1273 non
1033 1232 1083 1274 sit
1110 1231 1283 1288 impius,
1311 1232 1419 1272 sicut
1445 1230 1518 1270 ille
1544 1230 1671 1278 latro,

235 1319 309 1376 qui
338 1317 556 1373 pendebat
584 1313 631 1354 in
661 1328 788 1353 cruce
819 1322 858 1351 et
887 1310 1235 1366 blasphemabat,
1264 1309 1338 1350 sed
1368 1307 1419 1348 sit
1445 1307 1555 1348 sicut
1582 1304 1670 1355 ille,

236 1395 310 1453 qui
344 1392 628 1435 confitebatur
668 1401 707 1430 et
736 1388 930 1430 dicebat:
969 1385 1249 1440 ‚‚D0mine⁴)
1280 1385 1408 1438 Jesu,
1448 1395 1667 1425 memento

234 1472 334 1522 mei,
365 1487 463 1512 cum
492 1467 656 1509 veneris
685 1467 731 1508 in
761 1482 941 1518 regnum
981 1470 1143 1508 tuum.“
1201 1464 1306 1505 Post
1335 1463 1440 1504 haec
1471 1462 1585 1502 velut
1614 1462 1671 1503 ad

238 1548 612 1593 confirmationem
633 1544 678 1601 5)
708 1544 916 1587 sermonis
944 1543 1030 1594 sui,
1061 1559 1190 1599 quem
1223 1540 1400 1583 dixerat:
1432 1539 1498 1590 „ei
1516 1537 1561 1595 ⁶)
1593 1555 1670 1580 au-

235 1641 335 1677 tem,
364 1626 438 1682 qui
467 1641 559 1665 non
590 1634 816 1680 operatur,
847 1621 979 1663 credit
1008 1632 1148 1661 autem
1187 1619 1233 1661 in
1266 1635 1388 1667 eum,
1418 1616 1490 1672 qui
1520 1615 1670 1671 justifi-

238 1717 305 1749 cat
333 1703 534 1760 impium,
573 1711 795 1756 reputatur
832 1698 936 1738 fides
974 1699 1027 1738 ad
1057 1695 1316 1753 justitiam:“
1357 1693 1528 1736 assumit
1555 1691 1671 1733 testi-

235 1781 434 1826 monium
466 1781 519 1820 de
535 1775 726 1827 Psalmis,
759 1787 798 1816 et
828 1774 948 1816 dicit:
979 1774 1110 1826 „sicut
1126 1772 1170 1829 7)
1201 1784 1241 1814 et
1266 1772 1407 1813 David
1440 1769 1541 1812 dicit
1567 1771 1669 1810 bea-

237 1860 464 1904 titudinem
501 1854 714 1904 hominis,
757 1851 825 1894 cui
857 1853 974 1893 Deus
1017 1861 1193 1905 accepto
1233 1851 1313 1890 fert
1343 1848 1548 1906 justitiam
1578 1847 1669 1888 sine

242 1937 464 1996 operibus:
502 1929 698 1987 beati,8)
741 1946 927 1985 quorum
971 1927 1170 1970 remissae
1198 1938 1296 1968 sunt
1331 1926 1592 1981 iniquitates,
1629 1936 1671 1965 et

240 2030 427 2073 quorum
454 2022 564 2053 tecta
591 2020 689 2051 sunt
716 2018 913 2064 peccata:
946 2007 1092 2048 beatus
1121 2004 1211 2054 vir,
1253 2003 1321 2045 cui
1363 2019 1454 2044 non
1483 2002 1670 2058 imputa-

238 2093 353 2149 vit9)
383 2089 599 2134 Dominus
628 2088 894 2143 peccatum.“
950 2082 1079 2124 Vides
1107 2098 1184 2138 per
1212 2081 1291 2123 hos
1316 2096 1533 2123 sermones
1564 2095 1672 2121 con-

358 2254 403 2309 1)
433 2250 585 2293 Matth.
615 2248 710 2299 VII,
739 2248 780 2290 2.
812 2246 908 2288 coll.
938 2245 1038 2287 Luc.
1069 2243 1141 2295 VI,
1170 2241 1242 2288 38.

354 2322 402 2381 ²)
432 2323 509 2365 Ev.
538 2322 699 2362 Joann.
728 2318 801 2368 III,
831 2317 898 2360 34.

353 2394 402 2449 3)
434 2393 521 2434 Cfr.
552 2391 680 2431 Rom.
708 2389 781 2437 IV,
811 2387 850 2429 4.
883 2389 923 2431 5.

356 2463 399 2518 ⁴¹)
429 2462 529 2504 Luc.
559 2460 721 2509 XXIII,
750 2459 818 2500 42.

357 2535 403 2590 5)
435 2532 548 2574 Alias
578 2529 637 2586 (v.
669 2546 703 2570 c.
734 2528 780 2569 in
811 2528 907 2569 edd.
937 2526 1045 2580 M.):
1077 2524 1431 2575 „firmationem.“
1463 2520 1513 2563 R.

356 2606 401 2660 ⁶)
433 2604 561 2644 Rom.
591 2601 664 2648 lV,
694 2601 732 2641 5.

357 2675 403 2731 7)
436 2674 561 2715 Rom.
592 2669 663 2719 IV,
694 2668 836 2711 6-8.

359 2747 407 2800 ⁸)
437 2745 591 2786 Psalm.
621 2739 806 2789 XXXII,
836 2738 873 2780 1.
903 2738 943 2779 2.
974 2732 1183 2792 (XXXI.)
1232 2774 1235 2777 .

357 2815 403 2870 9)
434 2815 515 2856 Ed.
554 2810 689 2855 Ruaei
727 2810 766 2851 h.
806 2810 856 2860 l„
899 2810 971 2849 csr.
1010 2823 1051 2863 p.
1086 2806 1183 2849 231.
1223 2815 1310 2846 not.
1349 2804 1403 2855 4.,
1444 2801 1487 2844 iu
1527 2811 1662 2843 textu:

241 2872 528 2931 ,‚imputavit.“
