1788 3111
201 110 284 152 170
535 104 758 147 Omcssms
791 116 836 146 m
868 102 945 145 ΕΡ.
976 113 1036 144 AD
1066 102 1292 144 RomAmos

200 236 357 275 corpus
402 233 490 260 esse
541 217 840 274 corruptibile,
894 227 962 266 ut,
1019 217 1053 258 si
1108 215 1234 257 etiam
1279 215 1424 258 Deum
1470 233 1626 273 corpus

201 311 286 337 esse
339 305 550 345 asserant,
605 295 696 336 sine
742 294 875 337 dubio
935 306 974 335 et
1026 291 1352 348 corruptibilem
1403 296 1629 344 fateantur,

200 383 417 413 verterunt
452 373 675 429 stropham
717 371 860 421 verbi,
908 382 948 412 ct
991 370 1208 420 dixerunt,
1257 370 1495 425 naturae¹)
1535 370 1630 427 qui—

205 451 303 491 dem
347 466 442 490 eum
482 466 568 492 esse
610 448 922 504 corruptibilis,
961 465 1041 489 nec
1080 459 1223 488 tamen
1264 447 1509 503 corrumpi,
1547 464 1628 503 pro

202 544 276 577 e0‚
308 527 428 583 quod
457 543 550 568 non
578 526 631 568 sit
661 526 824 581 aliquid
855 525 952 580 ipso
983 522 1199 581 superiUS,
1239 539 1261 564 a
1293 540 1380 580 quo
1412 526 1633 581 corrumpi

200 603 333 661 possit
365 616 437 646 aut
464 603 582 646 solvi.
631 604 742 644 Sunt
763 614 802 643 et
825 601 907 644 alia
926 602 1153 643 innumera
1174 601 1400 642 hominum
1420 602 1632 653 figmenta,

202 681 431 725 dialecticis
461 681 630 734 argutiis
652 692 691 721 et
711 679 1023 736 sophismatum
1043 679 1195 719 fraude
1217 679 1466 734 composita.
1508 678 1633 733 Quae

203 777 302 801 cum
342 759 507 811 singula
545 775 623 814 per
663 757 966 798 ecclesiasticos
1007 756 1120 797 viros
1164 767 1204 797 et
1247 755 1388 796 divina
1427 752 1632 812 sapientia

203 837 389 879 eruditos
420 835 569 877 veritas
588 834 672 875 Dei
705 832 930 882 convincit,
962 824 1001 874 et
1032 844 1383 885 argumentorum
1416 833 1633 889 decipulas

202 915 437 966 redarguit,
479 913 525 954 in
556 911 783 953 hominurn
817 910 1044 952 mendacio
1075 910 1160 951 Dei
1192 909 1340 951 veritas
1372 909 1527 952 dicitur
1556 910 1631 951 ab—

203 992 381 1042 undare,
413 1002 452 1032 et
479 1007 571 1031 non
601 990 740 1030 solum
773 989 1008 1039 abundare,
1038 989 1112 1030 sed
1143 986 1426 1042 abundare2)
1457 988 1511 1028 ad
1541 987 1633 1038 glo-

200 1071 307 1111 riam
339 1067 438 1125 ejus.
484 1067 617 1130 Quod
649 1067 734 1107 hoc
756 1066 892 1106 modo
914 1065 1238 1116 intelligendum
1261 1076 1393 1120 puto:
1423 1064 1457 1105 si
1478 1067 1632 1106 doctor

203 1147 404 1188 ecclesiae
432 1144 642 1201 simplices
674 1160 870 1199 quosque
906 1142 1120 1183 auditores
1152 1143 1326 1191 doceat,
1366 1152 1405 1181 et
1434 1143 1630 1182 nondum

200 1224 312 1265 falsis
344 1222 614 1276 dogmatibus
647 1232 892 1277 occupatos,
923 1231 1049 1275 atque
1080 1218 1141 1260 his
1173 1220 1226 1260 de
1256 1217 1426 1269 singulis
1457 1217 1631 1272 quibus-

202 1318 286 1358 que
324 1300 534 1341 rationem
577 1297 746 1339 divinae
789 1295 969 1338 veritatis
1015 1295 1199 1351 aperiat,
1245 1294 1287 1335 in
1334 1293 1631 1352 hujuscemodi

204 1379 399 1421 doctrina
438 1376 524 1416 Dei
562 1374 711 1415 veritas
748 1373 962 1415 videbitur
999 1373 1232 1414 abundare.
1294 1372 1341 1414 Si
1377 1389 1477 1413 vero
1517 1371 1630 1428 ad3)

201 1474 273 1499 eos
303 1472 443 1497 sermo
475 1453 539 1504 sit,
569 1451 702 1509 qui4)
735 1451 940 1494 obsistant
961 1449 1137 1500 veritati,
1167 1450 1241 1506 qui
1261 1466 1388 1493 sanae
1411 1450 1632 1492 doctrinae

202 1534 474 1577 sermonibus
506 1529 814 1579 contradicant,
845 1540 886 1569 et
916 1527 1255 1569 contradicentes
1287 1529 1564 1569 confutentur
1593 1540 1633 1568 et

202 1612 525 1660 convincantur,
555 1607 613 1648 ita
642 1618 689 1648 ut
721 1622 918 1649 errorum
946 1605 1131 1646 tenebris
1163 1604 1372 1647 derelictis
1405 1606 1457 1645 ad
1488 1606 1628 1645 lucem

206 1689 385 1730 veritatis
416 1688 641 1728 accedant:
673 1696 775 1725 tunc
806 1700 897 1724 non
928 1683 1070 1724 solum
1102 1681 1339 1722 abundabit
1364 1681 1512 1722 veritas
1534 1680 1631 1731 Dei,

201 1768 276 1808 sed
321 1777 360 1808 et
404 1765 458 1806 ad
503 1764 681 1816 gloriam
736 1760 823 1818 ejus
868 1757 1114 1801 abundabit.
1194 1756 1472 1799 Glorificatur
1516 1758 1629 1799 enim

202 1845 321 1885 Deus
357 1860 436 1899 per
475 1858 596 1890 eum,
639 1838 711 1894 qui
751 1839 804 1879 de
843 1853 989 1878 errore
1026 1835 1239 1877 mendacii
1279 1848 1445 1891 ereptus
1483 1837 1630 1877 lumen

203 1921 384 1963 veritatis
414 1918 613 1974 adspexit.
673 1913 791 1956 Haec
815 1929 914 1966 ergo
950 1914 1022 1969 qui
1051 1913 1107 1954 ita
1137 1914 1401 1962 intellexerit,
1431 1930 1520 1954 non
1549 1913 1632 1954 uti-

205 2016 286 2056 que
307 1996 467 2052 dicit5)
496 1996 617 2044 illud,
648 1995 767 2050 quod
790 1992 835 2034 in
857 1992 1215 2046 consequentibus
1238 1992 1363 2032 stulta
1385 1989 1632 2048 objectione

202 2078 440 2133 profertur:
477 2072 670 2128 „quid5)
702 2071 842 2112 adhuc
874 2081 913 2111 ct
943 2083 1018 2119 ego
1053 2080 1257 2123 tanquam
1288 2080 1490 2124 peccator
1519 2067 1632 2125 judi-

204 2152 347 2195 cor?“
377 2153 450 2194 sed
482 2148 715 2202 advertit7)
748 2145 900 2188 merito
931 2162 974 2187 se
1004 2144 1299 2202 judicandum,
1327 2149 1361 2188 si
1382 2157 1632 2202 permaneat

203 2233 248 2273 in
276 2228 505 2271 mendacio
537 2226 785 2268 hominum:
824 2237 863 2266 et
894 2223 967 2280 qui
998 2225 1234 2265 secundum
1269 2240 1336 2273 ea,
1367 2240 1476 2280 quae
1503 2240 1630 2278 supra

204 2307 494 2365 exposuimus,
538 2321 585 2346 ex
625 2302 709 2344 Dei
747 2301 919 2344 veritate
960 2302 1175 2343 convictus
1218 2318 1374 2342 errasse
1410 2317 1454 2343 se
1495 2298 1630 2345 sentit,

324 2441 366 2496 ¹)
396 2440 511 2481 Edd.
538 2438 736 2479 Merlini:
766 2451 917 2480 natura
948 2437 1122 2494 quidem
1152 2462 1202 2468 —
1235 2433 1571 2490 corruptibilem.

319 2510 364 2568 ²)
398 2510 524 2551 Rom.
556 2508 627 2558 ΙΙΙ,
660 2509 698 2550 7.

320 2581 366 2637 3)
397 2579 532 2621 Editi:
565 2579 646 2628 „ad
679 2594 827 2619 omnes
857 2593 997 2619 sermo
1029 2577 1106 2619 sit“
1138 2588 1212 2617 etc.
1243 2575 1293 2616 R.

319 2651 366 2707 ⁴)
396 2650 511 2692 Editi
541 2651 600 2705 (e.
634 2666 667 2689 c.
699 2649 795 2689 edd.
826 2646 933 2701 M.):
975 2646 1082 2703 „qui
1117 2646 1324 2688 obsistunt
1357 2670 1396 2674 u
1420 2677 1430 2706 ,⁸
1473 2644 1545 2699 qui
1578 2670 1626 2676 »-

205 2709 536 2752 ιςυηῑι·αάἰειιηῑ“
570 2719 646 2748 ete.
728 2739 735 2746 .
1173 2722 1175 2725 ¹

321 2781 365 2832 ⁵)
395 2778 506 2820 Edd.
536 2775 731 2816 Merlini:
763 2775 882 2816 dicet.
1003 2774 1048 2825 ὗ)
1080 2774 1203 2816 Rom.
1235 2772 1309 2823 Ill,
1340 2773 1376 2815 7.

322 2852 364 2905 7)
394 2850 504 2891 Edd.
538 2847 731 2889 Mcrlini:
764 2847 958 2888 advertet.
