1788 3111
504 80 947 124 COMMENTAmonum
976 81 1067 123 Lm.
1098 81 1173 124 IV.
1459 86 1553 130 247

119 194 252 235 Jonas
308 191 353 233 in
392 203 536 234 ventre
583 191 662 234 ceti
698 191 834 233 tribus
873 191 1023 233 diebus
1067 203 1109 233 et
1145 191 1281 235 tribus
1318 193 1530 246 noctibus,

117 269 175 311 ita
192 269 235 325 ¹)
273 282 313 311 et
340 269 502 311 Filium
531 269 714 311 hominis
746 280 916 324 oportet
946 284 1033 310 esse
1062 267 1107 308 in
1132 269 1261 309 corde
1286 281 1422 311 terrae
1450 271 1526 312 tri-

114 348 194 388 bus
233 346 382 388 diebus
424 359 464 389 et
507 346 643 389 tribus
683 345 922 387 noctibus.“
986 345 1083 386 Hoc
1114 356 1175 386 est
1205 362 1303 399 ergo
1349 348 1527 400 signum,

112 423 189 464 ubi
217 425 351 465 Jonas
379 423 612 473 videbatur,
642 434 683 464 et
715 423 903 464 Christus
936 421 1262 476 intelligebatur.
1322 424 1526 466 Similiter

113 512 154 541 et
194 502 247 541 de
284 500 376 557 ipso
418 500 610 542 Domino
649 499 695 540 in
735 499 949 552 evangelio
1000 499 1172 541 dicitur:
1211 500 1410 554 „ccce,²)
1456 501 1523 543 hic

107 577 269 632 positus
300 591 359 620 est
388 577 431 620 in
460 577 640 626 ruinam,
671 589 711 618 et
739 577 784 618 in
813 576 1165 618 resurrectionem
1201 577 1451 627 multorum,
1484 591 1525 619 et

106 653 153 694 in
183 655 360 708 signum,
391 653 458 695 cui
495 655 849 695 contradicetur.“
909 653 1293 695 Contradicebatur
1323 653 1436 695 enim
1466 654 1520 695 si-

105 747 203 783 gno,
233 731 277 772 in
310 748 394 787 quo
419 730 609 773 Christus
638 742 821 780 venerat,
853 730 951 786 quia
981 730 1098 771 aliud
1126 730 1172 771 in
1204 748 1254 772 eo
1285 730 1521 783 videbatur,

104 818 146 847 et
174 808 291 849 aliud
320 807 646 862 intelligebatur.
708 807 818 848 Caro
850 809 1122 856 cernebatur,
1154 819 1193 848 et
1222 808 1341 848 Deus
1373 810 1518 849 crede-

100 885 238 927 batur.
296 885 366 927 Sic
396 901 494 938 ergo
527 884 746 940 accepit3)
786 895 826 924 et
857 885 1075 925 Abraham
1107 883 1293 936 signum:
1328 896 1367 925 et
1399 887 1517 940 quod

100 971 206 1001 esset
223 960 400 1014 signum,
421 961 465 1002 in
482 961 839 1017 consequentibus
867 961 990 1002 dicit:
1022 960 1454 1011 „circumcisionem‚“
1469 959 1515 1016 ⁴²)

96 1034 256 1092 inquit:
289 1055 396 1094 quae
426 1038 689 1080 circumcisio
722 1050 827 1079 esset
853 1037 1142 1090 „signaculum
1166 1037 1348 1095 justitiae
1378 1037 1518 1086 fidei,“

95 1129 224 1168 quam
253 1115 414 1165 habuit,
444 1128 672 1172 antequam
703 1115 1088 1156 circumcideretur.
1143 1114 1264 1155 Bene
1303 1130 1401 1165 ergo
1435 1113 1515 1154 cir-

93 1191 397 1233 cumcisionem
426 1192 591 1246 signum
622 1192 848 1248 appellavit
875 1191 921 1232 in
952 1193 1197 1241 Abraham,
1228 1190 1326 1246 quia
1358 1202 1398 1231 et
1425 1189 1513 1245 ipsa

94 1267 212 1309 aliud
241 1269 475 1319 videbatur,
508 1280 548 1309 et
578 1268 694 1309 aliud
722 1268 1058 1321 intelligebatur:
1104 1280 1144 1309 et
1175 1266 1382 1317 ostendit,
1415 1266 1511 1321 quia

93 1343 179 1402 jam
210 1357 311 1387 tunc
343 1345 520 1387 carnalis
555 1345 629 1385 illa
669 1344 931 1386 circumcisio
971 1345 1136 1397 signum
1168 1355 1256 1384 erat
1286 1342 1512 1397 spiritualis

92 1423 435 1473 circumcisionis,
468 1438 574 1478 quae
603 1421 757 1462 nonin
781 1438 906 1462 carne
935 1420 1170 1476 suscipitur,
1201 1420 1337 1461 sedin
1368 1420 1510 1461 corde.

90 1498 226 1552 Quod
255 1517 356 1541 vero
389 1499 491 1540 dixit
519 1498 849 1551 „signaculum,“
886 1498 1006 1558 ita5)
1035 1498 1358 1551 intelligendum
1390 1508 1510 1551 puto.

86 1575 363 1628 signaculum
395 1575 561 1626 dicitur,
591 1592 688 1616 cum
719 1575 844 1617 alicui
874 1576 934 1617 rei
958 1576 1188 1616 servandae
1215 1590 1295 1629 pro
1314 1585 1509 1628 tempore

85 1653 278 1695 custodia
314 1653 570 1709 imponitur,
608 1654 725 1709 quod
763 1669 892 1693 nemo
925 1653 1052 1702 alius,
1083 1651 1162 1693 nisi
1191 1650 1293 1706 ipse,
1325 1649 1398 1705 qui
1426 1649 1506 1690 im-

84 1729 260 1785 pressit,
299 1731 452 1771 debeat
490 1729 714 1783 resignare,
770 1729 855 1770 Per
882 1729 996 1770 istud
1027 1745 1124 1781 ergo
1155 1727 1430 1780 signaculum,
1461 1738 1519 1767 ut.

86 1806 260 1862 exponit
288 1808 535 1863 Apostolus,
560 1806 718 1864 justitia
734 1806 779 1862 ⁶)
811 1806 924 1856 fidei,
957 1823 1084 1861 quam
1103 1805 1147 1846 in
1166 1803 1391 1861 praeputio
1421 1820 1503 1859 po—

84 1883 186 1925 situs
218 1885 436 1925 Abraham
467 1883 658 1940 accipere
688 1883 869 1933 meruit,
913 1882 1147 1932 indicatur,
1196 1894 1237 1924 et
1265 1893 1386 1937 pater
1416 1897 1504 1922 esse

82 1960 315 2001 multarum
364 1960 574 2013 gentium:
634 1961 754 2017 quod
798 1971 900 2000 tunc
940 1959 1152 2000 credimus
1191 1958 1503 2011 resignandum,

83 2052 181 2076 cum
209 2036 434 2091 plenitudo
467 2036 672 2078 Gentium
701 2034 988 2089 introierit,⁷)
1020 2046 1061 2076 et
1091 2034 1228 2075 omnis
1259 2035 1389 2075 Israel
1419 2034 1499 2074 sal-

79 2112 258 2154 vabitur.
300 2114 423 2154 Tunc
455 2113 567 2154 enim
595 2114 679 2162 fiet,
701 2113 818 2168 quod
844 2111 943 2151 dicit
958 2110 1003 2167 8)
1036 2111 1281 2165 Apostolus,
1311 2127 1402 2150 non
1431 2127 1500 2150 so—

79 2191 169 2231 lum
212 2189 437 2241 Gentium,
484 2191 559 2232 sed
604 2189 730 2231 etiam
760 2186 1086 2230 circumcisionis
1116 2203 1193 2243 per
1221 2187 1351 2227 fidem
1380 2198 1502 2242 pater

195 2324 235 2378 ¹)
266 2323 402 2366 Alias:
433 2320 516 2374 „ita
549 2321 627 2364 erit
655 2321 765 2364 filius
796 2320 980 2364 hominis
1009 2320 1054 2362 in
1076 2320 1207 2362 corde
1236 2324 1415 2362 terrae.“
1442 2321 1492 2361 Re

194 2393 241 2449 2)
270 2395 372 2436 Luc.
402 2394 455 2443 II,
485 2392 552 2435 34.

189 2462 238 2517 3)
266 2464 348 2505 Ed.
378 2464 441 2505 M.
472 2464 514 2505 I:
547 2460 708 2517 accipit.

189 2529 236 2587 4)
263 2533 390 2573 Rom.
420 2534 493 2583 IV,
526 2533 591 2574 11.
624 2532 722 2578 coll,
753 2550 794 2587 p.
825 2532 921 2574 246.
952 2543 1040 2574 not.
1070 2532 1108 2575 4.

184 2601 236 2650 3)
264 2602 377 2643 Edd.
405 2602 605 2645 BIerlini:
634 2602 810 2655 intelligi
839 2614 959 2657 puto.

187 2670 235 2724 ⁶)
265 2671 402 2712 Alias:
432 2671 641 2729 „justitIae
681 2672 822 2715 fidei.“
859 2673 912 2714 R.
943 2698 994 2705 —
1042 2672 1131 2714 Cfr.
1167 2673 1293 2713 Rom.
1323 2671 1396 2721 lv,
1425 2672 1488 2715 11-

189 2738 234 2793 ⁷)
264 2740 391 2781 Rom.
421 2744 498 2792 XI,
525 2745 594 2785 25.
622 2743 689 2787 26·

188 2807 235 2862 ⁸)
263 2810 388 2852 Rom.
417 2813 492 2864 lv,
521 2813 586 2856 12.
