1788 3111
219 132 304 178 146
556 127 780 172 Omerms
809 141 859 170 m
886 127 964 170 ΕΡ.
995 140 1055 172 An
1086 123 1316 174 RomAuos'

220 243 485 288 circumcisio
518 243 683 295 cordis,
712 243 758 285 in
788 242 961 299 spiritu,
988 259 1081 285 non
1110 243 1254 286 litera:
1286 242 1405 301 cujus
1433 245 1524 287 laus
1553 262 1645 288 non

221 339 268 364 ex
303 320 575 369 hominibus,
609 321 685 363 sed
716 336 765 361 ex
795 320 894 361 Deo
927 325 1025 363 est.“
1080 321 1243 363 Verum
1273 322 1478 377 quoniam
1507 322 1550 364 in
1581 323 1646 365 his

221 399 420 441 omnibus
449 398 715 454 superiorem
745 398 1074 453 quodammodo
1101 415 1269 440 causam
1296 397 1500 440 Gentium
1530 398 1647 441 fece-

218 487 306 526 rat,
349 492 518 518 rursum
548 477 662 518 velut
693 473 873 532 querelis
905 490 1077 525 eorum,
1118 475 1191 531 qui
1231 492 1277 517 ex
1319 475 1646 518 circumcisione

218 565 338 604 sunt,
377 570 627 603 occurrens,
665 550 936 608 proponit¹)
973 552 1054 593 sibi
1084 552 1184 608 ipsi,
1223 569 1333 608 quae
1359 552 1405 594 in
1434 554 1646 608 praesenti

219 630 407 687 capitulo
453 630 748 679 continentur,
790 628 955 670 dicens:
993 628 1183 685 ‚,qui‹l²)
1223 646 1322 681 ergo
1364 628 1546 685 amplius
1587 640 1647 671 est

217 704 417 748 Judaeo?
461 718 532 748 aut
572 716 680 763 quae
720 706 877 747 utilitas
921 704 1285 748 circumcisionis?
1340 706 1530 747 Multum
1568 722 1647 761 per

219 799 394 824 omnem
414 784 636 825 modum.“
687 783 734 825 Si
757 799 869 835 ergo,
899 782 1050 838 inquit,
1080 784 1127 832 is,
1159 782 1293 839 qui3)
1323 783 1395 833 „in
1418 783 1643 825 manifesto

217 861 409 902 Judaeus
430 871 500 910 est,
531 872 571 901 et
589 858 634 916 ⁴)
666 877 775 916 quae
807 859 853 900 in
883 860 1121 909 manifesto,
1153 860 1197 902 in
1231 877 1356 902 carne
1384 871 1441 901 est
1462 860 1646 901 circum-

353 942 377 960 “
415 954 509 978 non
538 949 781 993 reputatur,
820 938 894 978 sed
934 937 1045 993 „qui
1074 937 1118 977 in
1151 938 1322 979 occulto
1356 939 1544 980 „Iudaeus
1576 949 1646 987 est,

219 937 342 987 cisio,

218 1025 258 1055 et
290 1014 556 1057 circumcisio
585 1015 764 1064 cordis‚“
796 1030 904 1069 quae
935 1016 982 1055 fit
1014 1014 1084 1062 „in
1114 1014 1304 1070 spiritu,“
1338 1013 1430 1070 ipsa
1461 1025 1520 1055 est
1547 1030 1646 1055 vera

219 1091 503 1141 circumcisio,
534 1092 647 1134 dices
668 1091 795 1133 mihi:
828 1092 930 1147 quid
951 1091 1132 1147 amplius
1155 1103 1212 1132 est
1228 1090 1332 1147 in5)
1363 1091 1426 1133 his
1455 1091 1645 1141 Judaeis,

219 1168 293 1223 qui
333 1169 413 1209 hac
454 1169 744 1225 appellatione
784 1167 1035 1210 censentur?
1088 1169 1153 1208 vel
1194 1185 1304 1223 quae
1340 1168 1384 1209 in
1426 1168 1645 1224 corporali

217 1244 544 1287 circumcisione
582 1247 765 1287 habetur
803 1243 987 1287 utilitas?
1044 1243 1173 1298 Adfi)
1212 1245 1318 1285 haec
1357 1260 1413 1285 ne
1452 1244 1647 1286 videatur

216 1321 329 1363 inter
363 1333 596 1378 utrumque
632 1323 849 1378 populum
887 1321 1027 1362 minus
1067 1320 1199 1377 justus
1238 1321 1397 1362 arbiter
1432 1322 1647 1372 resedisse,

215 1397 492 1455 pronuntiat,
522 1400 627 1455 quid
658 1399 842 1455 amplius
874 1399 1029 1440 habeat
1058 1399 1263 1447 Judaeus,
1297 1410 1337 1439 et
1367 1415 1428 1449 ea,
1459 1415 1570 1455 quae
1597 1399 1643 1441 in

218 1492 346 1517 carne
378 1487 437 1517 est
468 1476 748 1526 circumcisio,
781 1488 820 1517 et
838 1476 951 1526 dicit,
983 1492 1054 1517 eos
1070 1476 1230 1517 habere
1250 1477 1431 1532 amplius
1461 1478 1644 1519 multum

214 1569 293 1609 per
333 1569 508 1595 omnem
548 1557 742 1596 modum.
818 1553 938 1608 Quid
982 1566 1122 1595 autem
1169 1554 1307 1594 multo
1347 1554 1399 1595 sit
1448 1540 1645 1610 amplius,

215 1629 444 1688 subjungit.
501 1630 763 1686 „Prim0‚⁷)
799 1630 960 1686 inquit,
998 1630 1097 1686 quia
1128 1630 1287 1672 credita
1315 1641 1413 1672 sunt
1439 1630 1520 1672 illis
1553 1631 1645 1672 elo-

217 1707 317 1764 quia
346 1707 473 1750 Dei.“
533 1708 739 1763 Quamvis
784 1707 897 1749 enim
939 1718 978 1748 et
1009 1707 1218 1748 Gentibus
1255 1723 1374 1747 nunc
1415 1709 1644 1749 credantur

217 1786 391 1841 eloquia
421 1785 528 1836 Dei,
557 1786 633 1827 sed
662 1784 766 1834 illis,
805 1783 880 1834 ait,
916 1783 1060 1839 primo
1091 1794 1190 1824 sunt
1218 1783 1389 1825 credita.
1449 1783 1642 1841 Requiro

215 1873 373 1910 tamen,
404 1861 509 1916 quid
541 1872 612 1911 est,
643 1862 762 1917 quod
790 1861 957 1911 dicitur,
989 1859 1138 1916 primis
1167 1859 1216 1902 iis
1248 1861 1406 1902 credita
1437 1877 1522 1903 esse
1553 1862 1642 1904 elo-

215 1939 316 1994 quia
343 1938 448 1979 Dei:
487 1950 689 1980 utrumne
726 1939 780 1980 de
818 1938 946 1980 literis
976 1938 1062 1978 hoc
1101 1937 1213 1979 dicat
1243 1948 1283 1978 et
1320 1938 1460 1988 libris,
1501 1955 1554 1980 an
1589 1940 1643 1980 de

214 2031 338 2057 sensu
369 2026 410 2057 et
446 2015 721 2068 intelligentia
753 2014 865 2067 legis‘
923 2015 1129 2058 Videmus
1169 2014 1283 2056 enim
1321 2015 1532 2070 plurimos
1561 2016 1640 2057 Ju-

217 2095 425 2135 daeorum
457 2094 511 2135 ab
541 2092 722 2134 infantia
751 2109 885 2148 usque
915 2093 971 2134 ad
997 2103 1257 2134 senectutem
1285 2107 1455 2148 semper
1477 2092 1642 2135 discen-

215 2181 299 2221 tes,
341 2181 380 2211 et
408 2186 630 2226 nunquam
670 2172 727 2213 ad
762 2170 985 2213 scientiam
1025 2168 1207 2212 veritatis
1243 2170 1554 2226 pervenientes:
1603 2183 1643 2212 et

336 2335 379 2392 1)
409 2336 523 2378 Edd
552 2336 750 2379 Merlini:
779 2354 1032 2394 proponens
1061 2336 1185 2379 sibi
1171 2353 1281 2395 lpse,
1312 2353 1423 2393 quae
1452 2361 1504 2369 -·
1537 2353 1640 2378 con-

215 2392 417 2444 tinentur,
449 2393 550 2434 dicit
580 2406 655 2434 etc.

333 2461 380 2519 ²)
411 2461 537 2505 Rom.
567 2463 641 2514 III,
671 2464 707 2505 1.
736 2464 776 2505 2.
895 2462 941 2519 ³)
971 2464 1098 2505 Rom.
1130 2462 1181 2513 ΙΙ,
1213 2464 1281 2507 28.
1312 2464 1379 2506 29.

332 2533 379 2590 ⁴)
409 2532 520 2574 Edd.
549 2532 748 2574 Merlini:
779 2544 819 2574 et
848 2549 958 2588 quae
986 2534 1209 2575 manifeste
1237 2533 1283 2574 in
1315 2549 1443 2575 carne
1473 2545 1549 2575 etc.

336 2602 381 2660 ⁵)
411 2602 580 2644 Desunt
608 2604 755 2645 verba.
784 2604 854 2654 „in
885 2603 987 2652 his“‚
1016 2601 1061 2644 in
1092 2604 1187 2644 edd.
1218 2602 1279 2642 M.

330 2674 377 2729 ⁶)
406 2673 524 2715 Editi
554 2673 615 2730 (v.
647 2689 681 2715 c.
713 2674 807 2715 edd.
837 2671 945 2728 Μ.);
984 2673 1077 2722 „Ad
1109 2673 1216 2713 haec
1247 2672 1412 2714 videtur
1444 2672 1490 2714 in
1519 2684 1639 2714 utro·

217 2745 300 2786 que
338 2731 508 2786 populo
545 2731 686 2773 minus
725 2728 856 2788 justus
896 2729 1053 2772 arbiter
1088 2729 1291 2773 resedisse
1328 2728 1638 2787 pronuntians“

217 2798 294 2830 etc.
322 2785 450 2828 Nlale.
482 2785 532 2828 R.

335 2855 381 2910 ⁷)
412 2855 538 2899 Rom.
567 2856 643 2908 III,
671 2857 711 2900 2.
