1788 3111
219 115 305 159 318
555 113 778 156 Omessms
806 126 853 156 m
882 113 959 156 ΕΡ.
988 123 1048 156 An
1079 112 1304 157 RomAnos

218 230 347 270 batur
382 226 593 284 propositi
643 225 802 283 eloquii
853 242 996 269 sensus
1048 238 1262 283 expetere,
1305 229 1541 270 secundum
1580 245 1641 279 ea,

219 322 327 361 quae
357 305 401 346 in
432 305 522 347 aliis
552 304 641 361 ipse
670 304 959 361 proloquitur.
1015 305 1168 361 Neque
1199 304 1312 346 enim
1341 306 1526 347 multum
1558 307 1640 348 dif-

216 384 300 424 fert
327 382 448 432 illud,
481 384 598 439 quod
630 382 733 424 alibi
751 381 874 423 dicit:
900 380 1034 432 „sicut
1053 381 1096 438 ¹)
1119 381 1232 423 enim
1254 382 1298 423 in
1321 383 1460 424 Adam
1492 401 1640 426 omnes

214 459 511 502 moriuntur:“
542 472 582 501 et
614 461 732 517 quod
762 458 830 500 hic
870 458 1053 516 dicit22)
1084 460 1398 516 ‚‚pr0pterea³)
1427 461 1535 502 sicut
1563 478 1642 518 per

215 554 351 579 unum
382 538 601 579 hominem
631 548 854 593 peccatum
885 535 929 576 in
958 538 1071 578 hunc
1102 539 1314 578 mundum
1332 537 1553 603 *introivin
1599 550 1640 580 et

213 630 291 670 per
321 627 542 670 peccatum
572 632 700 665 mors,
734 626 774 655 et
801 614 859 654 ita
889 614 933 655 in
955 631 1102 656 omnes
1121 615 1315 657 homines
1331 632 1447 657 mors
1462 613 1508 672 ⁴¹)
1539 633 1637 672 per-

213 692 389 742 transiit,
419 692 462 733 in
496 709 582 748 quo
616 709 763 733 omnes
793 699 1127 749 peccaverunt:“
1167 705 1208 735 et
1235 692 1390 734 iterum
1422 694 1540 749 quod
1572 693 1636 734 di-

210 768 289 810 xit:
319 770 461 826 ‚‚ita⁵)
496 770 596 825 οἰδ)
636 770 680 811 in
721 770 889 812 Christo
931 788 1078 813 omnes
1120 771 1494 813 vivificabuntur:“
1530 770 1638 811 nihil

212 846 357 887 dissert
387 847 440 887 ab
475 863 525 888 eo
557 865 702 898 sensu,
743 865 871 904 quem
910 866 1037 905 supra
1055 848 1099 902 ⁷)
1132 850 1273 890 deesse
1305 848 1539 889 elocutioni
1571 849 1637 889 di·

209 923 416 974 ximus,⁸)
450 936 491 966 et
519 925 753 966 intellectui
792 925 965 978 legentis
1004 926 1211 968 relictum.
1270 927 1356 969 Sed
1386 926 1490 967 mihi
1518 926 1636 967 vide-

207 1014 279 1043 tur
308 1002 480 1052 Paulus,
514 1002 586 1059 qui
618 1002 731 1054 dicit,
765 1002 863 1059 quia
893 1003 1171 1054 „sufficientia
1189 1003 1234 1060 9)
1272 1017 1416 1046 nostra
1457 1021 1504 1045 ex
1535 1005 1633 1045 Deo

208 1092 281 1132 est,
314 1081 387 1136 qui
419 1080 547 1136 οἵω)
584 1079 764 1122 idoneos
803 1097 883 1122 nos
913 1080 1013 1121 fecit
1040 1080 1256 1122 ministros
1283 1081 1383 1122 novi
1407 1093 1634 1122 testamen-

207 1158 240 1199 ti
254 1164 290 1200 :“
331 1170 371 1199 et
412 1158 485 1213 qui
523 1158 679 1198 iterum
720 1156 839 1198 dicit:
879 1156 1050 1213 „an¹¹)
1094 1158 1402 1199 documentum
1435 1158 1634 1214 quaeritis

207 1233 309 1292 ejus,
343 1235 415 1290 qui
443 1234 487 1275 in
517 1251 587 1275 me
615 1233 810 1289 loquitur
842 1233 1032 1275 Christus
1046 1234 1094 1276 ?“
1123 1252 1214 1275 non
1233 1236 1336 1276 haec
1356 1236 1423 1291 12)
1448 1252 1527 1291 per
1557 1237 1631 1277 de-

204 1314 364 1353 sectum
394 1328 540 1368 passus
574 1310 757 1367 eloquii,
799 1313 873 1353 sed
911 1312 1174 1368 prospexisse
1211 1312 1380 1369 per¹³)
1419 1315 1523 1355 haec
1554 1313 1630 1354 ali-

207 1390 310 1446 quid
339 1388 539 1439 utilitatis,
574 1405 660 1445 quo
694 1388 855 1430 etiamsi
885 1389 1062 1443 intelligi
1091 1392 1297 1432 deberent
1327 1408 1386 1441 ea,
1419 1408 1527 1447 quae
1555 1392 1630 1432 (le-

206 1486 294 1510 esse
325 1466 559 1510 elocutioni
593 1477 634 1507 et
663 1466 1019 1520 subintelligenda
1051 1468 1243 1518 diximus,
1277 1480 1421 1509 tamen
1450 1481 1630 1524 propter

202 1545 526 1599 negligentiores
567 1561 781 1600 quosque,
825 1544 987 1602 qui¹⁴²)
1029 1547 1141 1586 forte
1180 1545 1332 1586 resolvi
1361 1558 1554 1601 possent,
1594 1546 1627 1587 si

201 1623 410 1673 audirent,
443 1623 560 1679 quod
590 1622 697 1663 sicut
725 1639 841 1664 mors
873 1623 917 1664 in
955 1639 1102 1664 omnes
1144 1623 1338 1665 homines
1370 1640 1448 1679 per
1476 1640 1626 1679 pecca-

201 1713 305 1751 tum,
336 1700 393 1742 ita
425 1712 466 1741 et
493 1699 539 1740 in
570 1716 718 1741 omnes
749 1700 944 1742 homines
985 1700 1228 1756 pertransiit
1265 1701 1346 1741 vita
1385 1718 1463 1757 per
1503 1700 1624 1742 Chri-

319 1840 362 1896 ¹)
392 1841 412 1881 Ι
446 1839 545 1881 Cor.
576 1839 672 1891 XV,
702 1842 770 1883 22.
890 1839 937 1896 2>
967 1840 1081 1882 Edd.
1112 1839 1313 1882 Merlini:
1346 1841 1512 1886 dicitur.

315 1910 362 1967 ³)
391 1912 516 1953 Rom.
547 1910 600 1960 V,
632 1911 699 1954 12.

315 1980 361 2037 ⁴²)
391 1981 524 2022 Deest
562 1981 602 2021 h.
634 1980 661 2020 l.
692 1984 862 2031 „mors“
890 1979 934 2020 in
966 1981 1061 2022 edd.
1092 1981 1154 2023 M.
1185 1993 1226 2023 et
1255 1982 1309 2024 R.

315 2051 360 2106 ⁵)
390 2052 411 2092 I
444 2050 543 2092 Cor.
575 2050 671 2100 XV,
702 2051 770 2092 22.

313 2122 359 2178 ὅ)
389 2120 670 2162 Desideratur
698 2125 793 2171 „et“
822 2119 867 2160 in
900 2120 995 2161 edd.
1025 2120 1214 2163 Merlini.

312 2191 359 2248 ⁷)
391 2193 524 2233 Deest
551 2195 729 2247 „supra“
760 2190 805 2231 in
836 2191 931 2231 edd.
963 2191 1150 2232 Merlini.

311 2262 357 2319 ⁸>
388 2262 526 2304 Editi:
559 2260 683 2312 ‚‚dixi‚
716 2272 756 2302 et
785 2260 1047 2302 intellectui“
1079 2274 1176 2313 etc.;
1215 2263 1265 2303 al.
1296 2262 1420 2313 ‚,dixi‚
1451 2266 1524 2305 sed
1555 2264 1619 2304 in-

195 2319 407 2384 tellectui“
439 2331 537 2416 (ἰέοῆ
577 2317 676 2359 alias
713 2317 773 2374 (V.
814 2334 849 2359 c.
888 2317 934 2360 in
965 2320 1062 2360 edd.
1094 2320 1200 2377 Ma)
1231 2319 1425 2371 „dixisset
1455 2320 1618 2362 intelle—

195 2382 306 2417 ctu1“
338 2387 411 2416 etc.
487 2408 495 2416 .

311 2446 356 2500 ⁹)
386 2446 425 2486 II
459 2445 556 2486 Cor.
588 2445 662 2495 ΠῘ,
689 2444 729 2486 5.
745 2445 783 2488 6.

283 2516 354 2568 ¹⁰)
385 2515 664 2557 Desideratur
693 2520 788 2565 „et“
818 2513 863 2555 in
895 2515 990 2557 edd.
1023 2514 1212 2556 Merlini.

286 2585 354 2642 ¹¹)
389 2588 429 2627 ῙῘ
461 2585 559 2627 Cor.
591 2587 711 2635 XIII,
741 2586 779 2628 3.

284 2656 354 2712 ¹²)
391 2657 693 2698 Gvenebrardus
733 2655 899 2712 (itemq.
942 2655 1006 2695 ed.
1046 2654 1107 2697 M.
1139 2653 1237 2709 II.):
1270 2671 1374 2711 „per
1405 2655 1506 2695 haec
1539 2657 1611 2697 de-

192 2715 389 2755 sectum.“
422 2714 474 2756 R.

280 2784 348 2838 ¹³)
381 2784 548 2824 Desunt
578 2784 727 2824 verba:
759 2799 862 2839 „per
892 2784 1033 2832 haec,“
1064 2781 1107 2823 in
1139 2772 1241 2822 edd.'
1263 2781 1448 2823 Mcrlini.

283 2853 351 2909 ¹⁴)
383 2855 493 2896 Edd.
523 2853 718 2895 Merlini:
750 2853 784 2895 si
814 2854 926 2894 forte
957 2865 1031 2894 etc.
