1788 3111
182 85 272 130 392
517 84 740 128 ORIGEms
772 98 818 128 m
848 85 926 127 ΕΡ.
957 98 1016 128 An
1050 85 1287 141 ROMANos⁴

187 198 252 239 vel
282 196 613 250 Evangeliorum
647 199 778 249 dictis,
808 199 883 241 ubi
914 198 1163 256 simpliciter
1180 217 1297 244 mors
1319 200 1420 258 ejus,
1452 213 1491 243 et
1520 219 1610 245 nou

185 274 419 318 similitudo
468 275 618 318 mortis
657 275 873 326 scribitur,
916 276 1258 319 testimoniorum
1288 279 1461 333 pondus
1490 279 1612 320 adhi-

184 352 307 401 bere,
350 368 449 394 cum
485 353 695 408 possimus
733 354 786 394 ad
831 370 902 395 eos
943 353 1103 396 dicere:
1134 354 1167 395 si
1197 353 1428 395 similitudo
1461 356 1610 398 mortis

184 429 286 479 fuit,
324 428 462 483 suiv)
503 441 541 471 et
571 447 662 471 non
693 448 786 472 vera
815 431 1088 481 resurrecti03
1131 442 1169 471 et
1208 446 1287 472 nos
1319 446 1416 482 ergo
1450 432 1612 473 videbi-

183 522 283 546 mur
320 521 558 559 resurgere,
611 517 651 547 ct
696 524 786 548 non
824 522 921 547 vere
970 523 1254 559 resurgemus,
1295 519 1336 548 et
1371 508 1612 551 videbimur

181 582 296 624 mori
338 595 544 639 peccato,
586 595 624 624 ct
663 600 752 624 non
793 599 889 624 vere
934 585 1182 626 moriemur.
1252 584 1307 625 Et
1339 602 1467 627 omne
1490 584 1612 640 *ei-go,

181 662 302 716 quod
333 672 492 713 gestum
525 673 584 701 est
625 673 664 701 et
694 661 875 712 geritur,
912 662 1045 702 visum
1079 673 1136 702 est
1161 661 1269 713 geri,
1307 665 1379 703 sed
1418 680 1508 704 non
1554 676 1612 705 est

181 750 356 790 gestum.
416 738 620 794 Superest
656 737 806 789 igitur,
838 749 885 779 ut
926 749 964 779 et
1004 739 1121 793 quod
1163 739 1304 779 salvati
1336 756 1502 788 sumus,
1538 740 1612 781 visi

180 817 310 857 simus
348 815 519 866 salvari,
558 816 632 856 sed
672 832 764 856 non
804 830 900 855 vere
932 815 1077 856 salvati
1121 816 1262 858 simus.
1331 817 1461 858 Unde
1500 834 1613 872 quo-

179 893 297 935 niam
333 893 437 935 haec
467 904 552 934 tam
583 892 768 933 absurda
799 903 908 942 sunt,
945 904 992 933 ut
1021 910 1112 935 non
1142 894 1359 946 indigeant
1389 896 1612 950 probatio-

178 971 380 1026 nibus‚2)
421 987 501 1012 nos
541 969 594 1010 ad
636 968 978 1023 explanationem
1023 986 1200 1019 eorum,
1247 988 1357 1027 quae
1398 973 1613 1013 habentur

178 1047 224 1088 in
268 1048 566 1104 sequentibUS‚
617 1058 927 1087 convertamur.
1001 1046 1132 1098 Igitur
1192 1049 1476 1104 complantari
1530 1066 1609 1090 nos

177 1124 324 1180 vultss)
372 1125 521 1166 mortis
562 1122 649 1179 ejus
679 1123 972 1172 similitudini,
1004 1140 1085 1178 qua
1116 1136 1294 1179 peccato
1326 1137 1522 1166 mortuus
1554 1137 1614 1166 est

177 1203 321 1251 semel,
350 1213 396 1242 ut
425 1201 638 1256 possimus
666 1211 706 1240 et
734 1199 1037 1241 resurrectioni
1083 1199 1171 1258 ejus
1204 1217 1290 1241 esse
1321 1202 1613 1256 complantati.

176 1281 247 1320 Ad
290 1290 522 1334 utrumque
562 1276 675 1318 enim
719 1277 939 1318 subaudiri
982 1279 1106 1318 debet
1144 1279 1489 1333 ‚‚complantati.“
1558 1279 1613 1320 Et

177 1356 297 1407 vide,
335 1372 464 1412 quam
509 1353 748 1396 necessario
795 1355 982 1395 formam
1033 1355 1309 1410 plantationis
1362 1356 1612 1397 assumserit.

177 1433 334 1476 Omnis
366 1432 519 1475 etenim
549 1432 696 1488 planta
727 1441 825 1487 post
856 1431 1006 1474 hiemis
1036 1443 1220 1474 mortem
1254 1433 1609 1474 resurrectionem

175 1511 283 1552 veris
316 1521 536 1567 exspectat.
609 1509 655 1551 Si
696 1522 795 1561 ergo
842 1521 881 1550 et
920 1526 1001 1550 nos
1039 1510 1083 1550 in
1116 1509 1273 1550 Christi
1311 1521 1450 1550 morte
1493 1527 1612 1551 com-

176 1588 353 1646 plantati
383 1605 527 1629 sumus
558 1588 602 1628 in
634 1587 773 1628 hieme
804 1585 960 1627 saeculi
994 1584 1117 1642 hujus
1163 1597 1201 1627 et
1230 1586 1462 1641 praesentis
1493 1586 1612 1635 vitae,

179 1666 302 1707 etiam
338 1667 391 1706 ad
422 1668 615 1707 futurum
646 1680 718 1704 ver
744 1663 1012 1704 inveniemur
1032 1665 1193 1704 fructus
1214 1662 1393 1719 justitiae
1417 1663 1612 1718 exipsius

177 1743 321 1784 radice
343 1744 633 1797 proferent-353
660 1752 699 1781 et
727 1740 759 1781 si
781 1739 1058 1795 complantati
1089 1758 1233 1782 sumus
1265 1739 1314 1789 ei,
1345 1756 1516 1781 necesse
1538 1751 1611 1788 cst,

177 1830 224 1860 ut
255 1819 381 1860 Pater
413 1818 598 1870 agricola
636 1828 788 1873 purget
832 1833 912 1856 nos
950 1827 1152 1871 tanquam
1184 1817 1379 1872 palmites
1421 1817 1509 1857 vitis
1541 1834 1609 1856 vc-

177 1913 261 1944 rae,
291 1907 338 1936 ut
356 1897 539 1936 fructum
564 1894 800 1950 plurimum
824 1895 1063 1943 afferamus,
1093 1893 1199 1935 sicut
1219 1905 1258 1934 et
1288 1895 1377 1950 ipse
1401 1894 1445 1934 in
1468 1894 1609 1934 Evan-

174 1971 290 2027 geliis
331 1971 453 2012 dicit:
492 1971 609 2024 „Ego
627 1971 673 2025 4)
703 1987 795 2011 sum
833 1969 922 2011 vitis
954 1986 1063 2020 vera,
1103 1971 1239 2026 vos5)
1270 1969 1538 2027 palmites,⁶)
1573 1982 1612 2011 et

174 2049 302 2090 Pater
331 2063 449 2089 meus
482 2047 666 2099 agricola
700 2059 769 2089 est.
831 2046 1017 2087 Omnem
1052 2048 1298 2103 palmitem,
1346 2047 1419 2102 qui
1458 2046 1501 2088 in
1542 2065 1610 2088 mc

173 2142 265 2168 non
296 2135 452 2174 manet,
485 2125 647 2166 excidet
690 2125 812 2166 illum
853 2124 980 2164 Pater
1019 2140 1153 2166 meus.
1229 2124 1317 2179 Qui
1349 2136 1488 2166 autem
1520 2142 1612 2165 ma-

172 2213 247 2243 net
276 2201 322 2243 in
354 2218 445 2251 me,
475 2202 674 2258 purgabit
706 2217 827 2250 eum,
859 2212 904 2241 ut
934 2203 1119 2242 fructum
1153 2203 1387 2257 plurimum
1421 2204 1611 2243 affc1·at.“

174 2279 274 2321 Hoc
314 2294 412 2331 crgo
455 2281 590 2321 modo
637 2277 918 2338 complantati
959 2295 1104 2320 sumus
1144 2279 1412 2321 similitudini
1462 2278 1610 2321 mortiS

175 2354 283 2412 ejus,
314 2368 360 2400 ut
400 2368 439 2397 et
470 2355 789 2398 resurrectionis
821 2353 910 2412 ejus
941 2355 1209 2401 similitudini
1242 2356 1521 2413 complantati
1553 2357 1606 2399 si—

299 2488 341 2545 ¹)
373 2489 504 2531 Deest
532 2488 664 2537 „suir‘
695 2489 739 2529 iu
773 2490 836 2530 cd.
868 2487 1014 2530 Ruaci.

290 2559 336 2613 2)
367 2559 478 2601 Edd.
509 2558 706 2599 Mcrlini:
739 2558 1145 2614 improbationibus.

292 2629 338 2682 3)
372 2629 496 2669 Rom.
528 2629 599 2679 VJ,
632 2631 734 2671 5.—
755 2631 817 2673 10.
939 2629 985 2684 ⁴²)
1016 2629 1091 2670 Εν.
1120 2630 1277 2672 Joann.
1317 2631 1413 2681 XV,
1444 2635 1481 2676 1.
1511 2633 1547 2673 ’2.

293 2698 339 2753 ⁵)
370 2699 450 2739 Ed.
482 2700 541 2741 M.
573 2701 614 2740 l:
647 2712 718 2748 „ut
747 2705 858 2750 vos,“
892 2702 955 2740 cd.
989 2698 1048 2741 Μ.
1081 2699 1140 2740 ll:
1172 2712 1240 2750 „ct
1269 2706 1379 2742 vos.“

179 2826 217 2867 O
295 2768 341 2822 ἢ>
371 2768 480 2810 Edd.
533 2769 729 2812 Merlini:
783 2770 1022 2827 „palmia-s:
1073 2781 1193 2827 pater
1239 2787 1357 2813 meus
1406 2770 1602 2825 agricola.

224 2830 393 2867 mnem“
426 2837 503 2873 ete,

239 2986 258 2997 d
