1788 3111
192 98 279 142 310
529 95 753 138 Omenms
781 108 829 138 m
858 95 937 138 ΕΡ.
969 108 1028 138 An
1061 95 1289 147 Romu-zos*

198 226 298 251 rore
330 225 453 260 meo,
497 208 598 267 et¹)
638 209 806 252 ardebit
840 225 976 265 usque
1012 209 1066 250 ad
1106 208 1324 250 infernum
1351 209 1622 255 inferiorem:

197 289 397 328 comedet
432 298 590 328 terram
635 300 676 329 et
727 286 942 328 nascentia
990 286 1102 344 ejus,
1146 286 1423 340 conflagrabit
1468 290 1625 332 funda-

195 376 339 405 menta
360 363 631 406 montium?“
661 365 834 406 Intuere
863 380 975 417 ergo,
1008 363 1104 420 quia
1130 363 1236 417 ignis
1265 363 1355 415 iste,
1389 365 1460 421 qui
1492 367 1544 408 de
1561 367 1623 409 ira

194 441 261 482 vel
293 442 347 482 de
376 442 524 483 furore
554 441 736 483 Domini
765 441 1022 492 accenditur,
1052 453 1209 482 terram
1240 453 1280 483 et
1308 441 1526 485 infernum
1556 444 1623 486 in-

197 518 402 560 feriorem
434 520 642 571 comedit,
683 531 724 560 et
763 534 892 574 opera
921 530 1090 561 terrena
1121 518 1352 561 consumit:
1393 521 1625 574 conflagrat

196 595 323 637 etiam
352 613 442 637 non
473 597 634 639 excelsa
663 595 890 646 montium,
922 597 997 637 sed
1029 597 1321 645 fundamenta,
1351 596 1396 637 id
1428 610 1500 648 est,
1530 615 1622 640 non

194 673 395 715 sublimes
428 675 608 725 animas,
639 689 780 729 neque
811 673 1012 714 coelestes
1043 690 1209 723 sensus,
1241 674 1314 718 sed
1345 674 1464 716 humi
1495 686 1623 731 atque

194 749 239 791 in
270 762 428 793 terram
467 751 676 809 dejectos,
713 752 780 792 vel
820 751 945 793 etiam
984 749 1030 790 in
1067 751 1335 806 profundum
1372 763 1530 802 terrae,
1574 765 1622 794 ut

193 840 292 869 sunt
337 829 552 871 montium
597 829 898 878 fundamenta,
951 828 1179 869 demersos.
1247 827 1480 870 Paululum
1521 846 1620 883 ergo

195 903 321 945 etiam
353 905 406 945 de
436 904 560 961 ira2)
592 905 784 961 oportuit
814 904 972 955 disseri,
1002 916 1051 946 ut
1080 903 1264 961 apertius
1303 919 1566 958 nosceretur,
1597 923 1620 949 a

193 981 348 1038 quibus
375 999 456 1024 nos
485 983 607 1025 malis
641 982 796 1025 Christi
825 981 991 1035 sanguis
1023 981 1193 1038 eripuit.

304 1060 370 1102 12.
408 1059 544 1116 ‚‚Si³)
577 1060 690 1102 enim
720 1077 818 1101 cum
847 1059 1008 1100 inimici
1028 1076 1223 1110 essemus,
1256 1059 1519 1102 reconciliati
1547 1079 1619 1102 su-

191 1152 287 1178 mus
317 1138 415 1178 Deo
446 1153 524 1193 per
552 1148 737 1178 mortem
767 1136 868 1178 Filii
885 1135 986 1193 ejuS,
1017 1136 1155 1176 multo
1182 1135 1311 1188 magis
1343 1137 1618 1190 reconciliati,

189 1214 293 1255 salvi
325 1214 481 1255 erimus
510 1213 556 1255 in
586 1213 667 1254 vita
697 1212 841 1268 ipsius.
887 1214 989 1254 Non
1013 1213 1154 1253 solum
1176 1224 1332 1264 autem,
1361 1215 1436 1255 sed
1456 1226 1497 1255 et
1525 1216 1617 1268 glo-

188 1291 349 1332 riamur
377 1292 423 1332 in
453 1292 551 1332 Deo
582 1306 661 1346 per
690 1288 932 1331 Dominum
962 1301 1158 1331 nostrum
1204 1289 1353 1331 Jesum
1387 1290 1616 1344 Christum,

187 1385 266 1425 per
289 1385 416 1424 quem
432 1385 547 1409 nunc
577 1366 972 1409 reconciliationem
1003 1366 1282 1423 accepimus.“
1327 1368 1463 1423 Quod
1493 1369 1615 1412 dicit:

188 1463 312 1495 „cum
330 1445 373 1501 4)
398 1445 559 1487 inimici
586 1462 781 1496 essemus,
808 1443 1071 1486 reconciliati
1095 1461 1240 1486 sumus
1263 1446 1411 1487 Deo:“
1442 1446 1613 1488 eviden-

185 1533 250 1562 ter
278 1521 473 1572 ostendit,
499 1539 590 1563 non
607 1521 651 1578 ⁵)
680 1538 768 1563 esse
789 1521 976 1578 aliquam
999 1522 1290 1572 substantiam,
1323 1539 1431 1579 quae
1461 1540 1612 1564 secun-

187 1599 290 1639 dum
323 1599 617 1641 definitionem
646 1599 881 1641 Marcionis
912 1601 977 1641 vel
1007 1599 1224 1641 Valentini
1254 1599 1504 1641 naturaliter
1531 1598 1613 1641 ini-

184 1675 293 1717 mica
324 1676 376 1718 sit
405 1678 526 1719 Deo:
558 1676 751 1733 alioquin
780 1677 814 1718 si
845 1679 963 1733 quod
987 1677 1209 1719 inimicum
1241 1688 1313 1727 est,
1342 1688 1520 1718 naturae
1551 1693 1613 1718 es-

184 1764 259 1803 set,
292 1765 332 1795 et
361 1771 451 1795 non
481 1753 723 1805 voluntatis,
754 1753 1208 1810 reconciliationemfi)
1239 1754 1387 1810 utique
1415 1770 1506 1795 non
1535 1754 1610 1795 ha·

182 1831 314 1873 beret.
373 1831 462 1873 Ubi
497 1843 640 1873 autem
672 1848 720 1873 ex
749 1831 923 1873 inimico
956 1831 1048 1887 quis
1078 1832 1236 1874 amicus
1276 1831 1478 1883 efficitur,
1521 1849 1610 1873 cer-

181 1920 274 1950 tum
305 1920 388 1960 est,
418 1910 549 1966 quod,
581 1910 684 1951 dum
717 1926 764 1951 ea
796 1925 927 1965 opera
955 1907 1050 1961 agit,
1081 1925 1190 1965 quae
1216 1926 1306 1951 non
1337 1921 1449 1951 amat
1477 1911 1610 1960 Deus,

182 1985 377 2028 inimicus
400 1999 460 2029 est
476 1986 572 2037 Dei,
591 1998 631 2027 et
648 1986 940 2042 unusquisque
958 1998 1044 2027 tam
1059 1986 1105 2042 ⁷)
1131 1986 1262 2040 gravis
1280 1999 1321 2028 et
1349 1998 1437 2029 tam
1468 1987 1607 2029 odibi-

181 2062 230 2104 lis
261 2063 456 2105 inimicus
502 2062 704 2113 efficitur,
744 2063 931 2119 quamss)
982 2063 1326 2120 multiplicaverit
1366 2082 1497 2121 opera
1526 2065 1606 2107 ini-

299 2253 343 2307 ¹)
373 2254 504 2295 Deest
534 2259 629 2306 „et“
660 2254 704 2295 in
736 2256 830 2296 edd.
864 2255 923 2296 M.

297 2323 343 2379 ²)
373 2323 492 2367 Editi
523 2326 582 2376 (v.
614 2341 647 2365 c.
680 2325 777 2365 edd.
808 2323 916 2381 EID:
947 2331 1125 2376 „te1·ra.“
1156 2324 1283 2367 Male.
1314 2326 1364 2367 R.

294 2393 340 2445 ³)
370 2394 497 2436 Rom.
527 2394 579 2444 V,
612 2396 676 2439 10.
709 2395 776 2438 11.
893 2394 940 2450 ⁴)
970 2395 1096 2436 Rom.
1127 2395 1178 2444 V,
1211 2395 1274 2437 10.

297 2463 342 2518 ⁵)
372 2463 484 2505 Edd.
515 2463 714 2505 Merlini:
747 2481 826 2505 nos
857 2481 957 2506 esse.

292 2533 340 2588 ⁶)
372 2534 454 2599 Sic·
474 2533 575 2575 editi
604 2534 665 2588 (v.
706 2551 738 2576 c.
781 2535 876 2576 edd.
909 2534 997 2589 M.)
1042 2546 1083 2575 et
1112 2534 1212 2575 Μεε.
1244 2533 1445 2574 Rabanus
1476 2551 1598 2577 vero:

177 2589 277 2645 „qui
296 2589 456 2632 inimici
488 2602 586 2632 sunt
616 2591 727 2642 Deo,
759 2589 1150 2634 reconciliationem
1170 2589 1317 2646 utique
1347 2607 1437 2632 non
1467 2592 1597 2634 habe-

175 2658 281 2688 rent
285 2652 309 2671 “
338 2648 389 2689 R.

173 2772 201 2813 h
293 2715 339 2770 ⁷)
367 2718 478 2759 Edd.
509 2717 704 2760 Merlini:
745 2730 829 2761 tam
861 2717 993 2773 gravis
1023 2716 1234 2777 efficitur,
1266 2729 1305 2758 et
1338 2728 1424 2759 tam
1455 2718 1595 2760 odibi-

205 2790 221 2813 ³
252 2772 459 2817 inimicus.

293 2843 338 2894 Β)
368 2843 485 2886 Editi
516 2845 575 2901 (v.
601 2862 634 2888 c.
667 2848 762 2890 edd.
793 2846 899 2905 Ma)
930 2850 1205 2902 ‚‚quantum.“
1235 2845 1363 2888 Male.
1394 2841 1464 2902 (Ρ)
1495 2846 1546 2888 R.
