<?xml version="1.0" encoding="UTF-8"?>
<!DOCTYPE html PUBLIC "-//W3C//DTD XHTML 1.0 Transitional//EN"
    "http://www.w3.org/TR/xhtml1/DTD/xhtml1-transitional.dtd">
<html xmlns="http://www.w3.org/1999/xhtml" xml:lang="en" lang="en">
 <head>
  <title>
</title>
<meta http-equiv="Content-Type" content="text/html;charset=utf-8" />
  <meta name='ocr-system' content='tesseract 3.04.00' />
  <meta name='ocr-capabilities' content='ocr_page ocr_carea ocr_par ocr_line ocrx_word'/>
</head>
<body>
  <div class='ocr_page' id='page_1' title='image "./operaomniaquaegr06orig/operaomniaquaegr06orig_0066.png"; bbox 0 0 1788 3111; ppageno 0'>
   <div class='ocr_carea' id='block_1_1' title="bbox 219 175 1313 220">
    <p class='ocr_par' dir='ltr' id='par_1_1' title="bbox 219 175 1313 220">
     <span class='ocr_line' id='line_1_1' title="bbox 219 175 1313 220; baseline -0.002 -1"><span class='ocrx_word' id='word_1_1' title='bbox 219 176 276 219; x_wconf 78' lang='lat'>54</span> <span class='ocrx_word' id='word_1_2' title='bbox 556 176 780 220; x_wconf 74' lang='lat' dir='ltr'>Omemus</span> <span class='ocrx_word' id='word_1_3' title='bbox 809 189 856 220; x_wconf 76' lang='lat' dir='ltr'>m</span> <span class='ocrx_word' id='word_1_4' title='bbox 884 175 964 218; x_wconf 79' lang='lat' dir='ltr'>Ep,</span> <span class='ocrx_word' id='word_1_5' title='bbox 995 185 1054 218; x_wconf 81' lang='lat' dir='ltr'>AD</span> <span class='ocrx_word' id='word_1_6' title='bbox 1086 176 1313 218; x_wconf 62' lang='lat' dir='ltr'>Romanos</span> 
     </span>
    </p>
   </div>
   <div class='ocr_carea' id='block_1_2' title="bbox 222 286 1657 2203">
    <p class='ocr_par' dir='ltr' id='par_1_2' title="bbox 222 286 1657 2203">
     <span class='ocr_line' id='line_1_2' title="bbox 223 286 1646 344; baseline -0.001 -14"><span class='ocrx_word' id='word_1_7' title='bbox 223 289 372 339; x_wconf 87' lang='lat' dir='ltr'>virtus,</span> <span class='ocrx_word' id='word_1_8' title='bbox 414 304 462 329; x_wconf 83' lang='lat' dir='ltr'>ae</span> <span class='ocrx_word' id='word_1_9' title='bbox 494 288 726 331; x_wconf 85' lang='lat' dir='ltr'>divinitas.“</span> <span class='ocrx_word' id='word_1_10' title='bbox 791 289 936 332; x_wconf 83' lang='lat' dir='ltr'>Virtus</span> <span class='ocrx_word' id='word_1_11' title='bbox 967 305 1066 341; x_wconf 90' lang='lat' dir='ltr'>ergo</span> <span class='ocrx_word' id='word_1_12' title='bbox 1097 289 1204 337; x_wconf 80' lang='lat' dir='ltr'>Dei,</span> <span class='ocrx_word' id='word_1_13' title='bbox 1245 304 1353 344; x_wconf 87' lang='lat' dir='ltr'>quae</span> <span class='ocrx_word' id='word_1_14' title='bbox 1391 286 1646 344; x_wconf 85' lang='lat' dir='ltr'>sempiterna</span> 
     </span>
     <span class='ocr_line' id='line_1_3' title="bbox 225 365 1648 422; baseline -0.002 -14"><span class='ocrx_word' id='word_1_15' title='bbox 225 378 302 415; x_wconf 88' lang='lat' dir='ltr'>est,</span> <span class='ocrx_word' id='word_1_16' title='bbox 342 378 381 408; x_wconf 90' lang='lat' dir='ltr'>et</span> <span class='ocrx_word' id='word_1_17' title='bbox 402 365 444 422; x_wconf 77' lang='lat'>¹)</span> <span class='ocrx_word' id='word_1_18' title='bbox 476 366 692 416; x_wconf 88' lang='lat' dir='ltr'>divinitas,</span> <span class='ocrx_word' id='word_1_19' title='bbox 733 383 843 422; x_wconf 80' lang='lat' dir='ltr'>quae</span> <span class='ocrx_word' id='word_1_20' title='bbox 879 367 1159 409; x_wconf 79' lang='lat' dir='ltr'>nihilominus</span> <span class='ocrx_word' id='word_1_21' title='bbox 1188 366 1444 422; x_wconf 83' lang='lat' dir='ltr'>sempiterna</span> <span class='ocrx_word' id='word_1_22' title='bbox 1479 377 1556 416; x_wconf 89' lang='lat' dir='ltr'>est,</span> <span class='ocrx_word' id='word_1_23' title='bbox 1599 382 1648 405; x_wconf 83' lang='lat' dir='ltr'>ex</span> 
     </span>
     <span class='ocr_line' id='line_1_4' title="bbox 224 442 1649 499; baseline -0.001 -15"><span class='ocrx_word' id='word_1_24' title='bbox 224 442 481 499; x_wconf 80' lang='lat' dir='ltr'>conjecturis</span> <span class='ocrx_word' id='word_1_25' title='bbox 526 443 767 495; x_wconf 83' lang='lat' dir='ltr'><strong>agnoscitur</strong></span> <span class='ocrx_word' id='word_1_26' title='bbox 808 456 1036 486; x_wconf 88' lang='lat' dir='ltr'>creaturae.</span> <span class='ocrx_word' id='word_1_27' title='bbox 1103 444 1244 485; x_wconf 79' lang='lat' dir='ltr'>Virtus</span> <span class='ocrx_word' id='word_1_28' title='bbox 1295 455 1374 491; x_wconf 90' lang='lat' dir='ltr'>est,</span> <span class='ocrx_word' id='word_1_29' title='bbox 1421 459 1503 498; x_wconf 89' lang='lat' dir='ltr'>qua</span> <span class='ocrx_word' id='word_1_30' title='bbox 1546 443 1649 493; x_wconf 87' lang='lat' dir='ltr'>regit</span> 
     </span>
     <span class='ocr_line' id='line_1_5' title="bbox 225 520 1650 578; baseline -0.001 -16"><span class='ocrx_word' id='word_1_31' title='bbox 225 520 392 572; x_wconf 74' lang='lat' dir='ltr'>omnia3</span> <span class='ocrx_word' id='word_1_32' title='bbox 422 521 635 572; x_wconf 84' lang='lat' dir='ltr'>divinitas,</span> <span class='ocrx_word' id='word_1_33' title='bbox 677 538 760 578; x_wconf 85' lang='lat' dir='ltr'>qua</span> <span class='ocrx_word' id='word_1_34' title='bbox 797 523 931 577; x_wconf 80' lang='lat' dir='ltr'>replet</span> <span class='ocrx_word' id='word_1_35' title='bbox 959 521 1162 564; x_wconf 87' lang='lat' dir='ltr'>universa.</span> <span class='ocrx_word' id='word_1_36' title='bbox 1222 522 1285 562; x_wconf 88' lang='lat' dir='ltr'>Ex</span> <span class='ocrx_word' id='word_1_37' title='bbox 1326 522 1410 562; x_wconf 88' lang='lat' dir='ltr'>hoc</span> <span class='ocrx_word' id='word_1_38' title='bbox 1452 535 1551 571; x_wconf 86' lang='lat' dir='ltr'>ergo</span> <span class='ocrx_word' id='word_1_39' title='bbox 1582 520 1650 561; x_wconf 82' lang='lat' dir='ltr'>in-</span> 
     </span>
     <span class='ocr_line' id='line_1_6' title="bbox 224 597 1649 655; baseline -0.001 -16"><span class='ocrx_word' id='word_1_40' title='bbox 224 599 479 641; x_wconf 79' lang='lat' dir='ltr'>excusabiles</span> <span class='ocrx_word' id='word_1_41' title='bbox 496 600 623 640; x_wconf 82' lang='lat' dir='ltr'>fiunt:</span> <span class='ocrx_word' id='word_1_42' title='bbox 644 599 743 655; x_wconf 85' lang='lat' dir='ltr'>quia</span> <span class='ocrx_word' id='word_1_43' title='bbox 764 616 861 640; x_wconf 89' lang='lat' dir='ltr'>cum</span> <span class='ocrx_word' id='word_1_44' title='bbox 880 600 1174 641; x_wconf 71' lang='lat' dir='ltr'>manifestante</span> <span class='ocrx_word' id='word_1_45' title='bbox 1191 599 1288 640; x_wconf 91' lang='lat' dir='ltr'>Deo</span> <span class='ocrx_word' id='word_1_46' title='bbox 1314 597 1649 652; x_wconf 80' lang='lat' dir='ltr'>cognoverint2)</span> 
     </span>
     <span class='ocr_line' id='line_1_7' title="bbox 225 675 1651 729; baseline -0.002 -12"><span class='ocrx_word' id='word_1_47' title='bbox 225 677 383 727; x_wconf 88' lang='lat' dir='ltr'>Deum,</span> <span class='ocrx_word' id='word_1_48' title='bbox 413 693 502 717; x_wconf 91' lang='lat' dir='ltr'>non</span> <span class='ocrx_word' id='word_1_49' title='bbox 533 688 580 718; x_wconf 86' lang='lat' dir='ltr'>ut</span> <span class='ocrx_word' id='word_1_50' title='bbox 610 677 783 729; x_wconf 85' lang='lat' dir='ltr'>dignum</span> <span class='ocrx_word' id='word_1_51' title='bbox 818 688 876 718; x_wconf 88' lang='lat' dir='ltr'>est</span> <span class='ocrx_word' id='word_1_52' title='bbox 907 677 1146 726; x_wconf 82' lang='lat' dir='ltr'>coluerunt,</span> <span class='ocrx_word' id='word_1_53' title='bbox 1183 688 1253 717; x_wconf 84' lang='lat' dir='ltr'>aut</span> <span class='ocrx_word' id='word_1_54' title='bbox 1284 675 1432 728; x_wconf 77' lang='lat' dir='ltr'>gratias</span> <span class='ocrx_word' id='word_1_55' title='bbox 1464 685 1651 726; x_wconf 87' lang='lat' dir='ltr'>egerunt,</span> 
     </span>
     <span class='ocr_line' id='line_1_8' title="bbox 222 754 1653 811; baseline -0.003 -16"><span class='ocrx_word' id='word_1_56' title='bbox 222 755 297 796; x_wconf 88' lang='lat' dir='ltr'>sed</span> <span class='ocrx_word' id='word_1_57' title='bbox 326 771 405 811; x_wconf 86' lang='lat' dir='ltr'>per</span> <span class='ocrx_word' id='word_1_58' title='bbox 436 754 738 806; x_wconf 79' lang='lat' dir='ltr'>cogitationum</span> <span class='ocrx_word' id='word_1_59' title='bbox 778 771 950 796; x_wconf 87' lang='lat' dir='ltr'>suarum</span> <span class='ocrx_word' id='word_1_60' title='bbox 981 754 1229 803; x_wconf 84' lang='lat' dir='ltr'>vanitatem,</span> <span class='ocrx_word' id='word_1_61' title='bbox 1275 755 1378 794; x_wconf 87' lang='lat' dir='ltr'>dum</span> <span class='ocrx_word' id='word_1_62' title='bbox 1421 754 1581 793; x_wconf 88' lang='lat' dir='ltr'>formas</span> <span class='ocrx_word' id='word_1_63' title='bbox 1613 761 1653 791; x_wconf 86' lang='lat' dir='ltr'>et</span> 
     </span>
     <span class='ocr_line' id='line_1_9' title="bbox 222 829 1651 888; baseline -0.003 -14"><span class='ocrx_word' id='word_1_64' title='bbox 222 833 426 884; x_wconf 80' lang='lat' dir='ltr'>imagines</span> <span class='ocrx_word' id='word_1_65' title='bbox 456 831 678 888; x_wconf 88' lang='lat' dir='ltr'>requirunt</span> <span class='ocrx_word' id='word_1_66' title='bbox 706 831 748 872; x_wconf 91' lang='lat' dir='ltr'>in</span> <span class='ocrx_word' id='word_1_67' title='bbox 770 832 882 880; x_wconf 91' lang='lat' dir='ltr'>Deo,</span> <span class='ocrx_word' id='word_1_68' title='bbox 913 831 957 872; x_wconf 91' lang='lat' dir='ltr'>in</span> <span class='ocrx_word' id='word_1_69' title='bbox 978 843 1107 873; x_wconf 85' lang='lat' dir='ltr'>semet</span> <span class='ocrx_word' id='word_1_70' title='bbox 1127 830 1225 887; x_wconf 85' lang='lat' dir='ltr'>ipsis</span> <span class='ocrx_word' id='word_1_71' title='bbox 1249 830 1393 884; x_wconf 77' lang='lat' dir='ltr'>Dei3)</span> <span class='ocrx_word' id='word_1_72' title='bbox 1421 829 1651 879; x_wconf 78' lang='lat' dir='ltr'>imaginem</span> 
     </span>
     <span class='ocr_line' id='line_1_10' title="bbox 222 907 1652 966; baseline -0.003 -15"><span class='ocrx_word' id='word_1_73' title='bbox 222 910 528 966; x_wconf 87' lang='lat' dir='ltr'>perdiderunt,</span> <span class='ocrx_word' id='word_1_74' title='bbox 558 920 597 949; x_wconf 90' lang='lat' dir='ltr'>et</span> <span class='ocrx_word' id='word_1_75' title='bbox 627 908 699 965; x_wconf 87' lang='lat' dir='ltr'>qui</span> <span class='ocrx_word' id='word_1_76' title='bbox 729 907 887 965; x_wconf 82' lang='lat' dir='ltr'>jactare</span> <span class='ocrx_word' id='word_1_77' title='bbox 916 926 960 950; x_wconf 91' lang='lat' dir='ltr'>se</span> <span class='ocrx_word' id='word_1_78' title='bbox 990 909 1033 951; x_wconf 88' lang='lat' dir='ltr'>in</span> <span class='ocrx_word' id='word_1_79' title='bbox 1065 910 1161 949; x_wconf 92' lang='lat' dir='ltr'>luce</span> <span class='ocrx_word' id='word_1_80' title='bbox 1189 908 1419 964; x_wconf 79' lang='lat' dir='ltr'>sapientiae</span> <span class='ocrx_word' id='word_1_81' title='bbox 1447 907 1652 948; x_wconf 48' lang='lat' dir='ltr'>videban*</span> 
     </span>
     <span class='ocr_line' id='line_1_11' title="bbox 224 983 1653 1043; baseline -0.003 -15"><span class='ocrx_word' id='word_1_82' title='bbox 224 999 313 1037; x_wconf 86' lang='lat' dir='ltr'>tur,</span> <span class='ocrx_word' id='word_1_83' title='bbox 343 987 390 1028; x_wconf 87' lang='lat' dir='ltr'>in</span> <span class='ocrx_word' id='word_1_84' title='bbox 421 988 661 1043; x_wconf 83' lang='lat' dir='ltr'>profundas</span> <span class='ocrx_word' id='word_1_85' title='bbox 690 986 888 1028; x_wconf 75' lang='lat' dir='ltr'>stultitiae</span> <span class='ocrx_word' id='word_1_86' title='bbox 922 987 1116 1027; x_wconf 77' lang='lat' dir='ltr'>tenebras</span> <span class='ocrx_word' id='word_1_87' title='bbox 1147 985 1336 1027; x_wconf 81' lang='lat' dir='ltr'>devoluti</span> <span class='ocrx_word' id='word_1_88' title='bbox 1366 996 1471 1026; x_wconf 84' lang='lat' dir='ltr'>sunt.</span> <span class='ocrx_word' id='word_1_89' title='bbox 1533 983 1653 1037; x_wconf 82' lang='lat' dir='ltr'>Quid</span> 
     </span>
     <span class='ocr_line' id='line_1_12' title="bbox 224 1063 1653 1118; baseline -0.003 -12"><span class='ocrx_word' id='word_1_90' title='bbox 224 1064 338 1106; x_wconf 88' lang='lat' dir='ltr'>enim</span> <span class='ocrx_word' id='word_1_91' title='bbox 377 1075 465 1106; x_wconf 86' lang='lat' dir='ltr'>tam</span> <span class='ocrx_word' id='word_1_92' title='bbox 503 1075 680 1113; x_wconf 84' lang='lat' dir='ltr'>tetrum,</span> <span class='ocrx_word' id='word_1_93' title='bbox 723 1076 811 1105; x_wconf 86' lang='lat' dir='ltr'>tam</span> <span class='ocrx_word' id='word_1_94' title='bbox 857 1065 1110 1112; x_wconf 84' lang='lat' dir='ltr'>obscurum,</span> <span class='ocrx_word' id='word_1_95' title='bbox 1152 1074 1323 1118; x_wconf 82' lang='lat' dir='ltr'>tamque</span> <span class='ocrx_word' id='word_1_96' title='bbox 1363 1063 1653 1109; x_wconf 82' lang='lat' dir='ltr'>tenebrosum,</span> 
     </span>
     <span class='ocr_line' id='line_1_13' title="bbox 225 1137 1654 1199; baseline -0.004 -16"><span class='ocrx_word' id='word_1_97' title='bbox 225 1159 354 1199; x_wconf 90' lang='lat' dir='ltr'>quam</span> <span class='ocrx_word' id='word_1_98' title='bbox 395 1141 575 1194; x_wconf 82' lang='lat' dir='ltr'>gloriam</span> <span class='ocrx_word' id='word_1_99' title='bbox 606 1140 690 1182; x_wconf 78' lang='lat' dir='ltr'>Dei</span> <span class='ocrx_word' id='word_1_100' title='bbox 730 1143 783 1182; x_wconf 86' lang='lat' dir='ltr'>ad</span> <span class='ocrx_word' id='word_1_101' title='bbox 817 1141 1088 1197; x_wconf 77' lang='lat' dir='ltr'>corporalem</span> <span class='ocrx_word' id='word_1_102' title='bbox 1130 1151 1169 1181; x_wconf 89' lang='lat' dir='ltr'>et</span> <span class='ocrx_word' id='word_1_103' title='bbox 1209 1139 1535 1195; x_wconf 79' lang='lat' dir='ltr'>corruptibilem</span> <span class='ocrx_word' id='word_1_104' title='bbox 1573 1137 1654 1177; x_wconf 88' lang='lat' dir='ltr'>hu-</span> 
     </span>
     <span class='ocr_line' id='line_1_14' title="bbox 224 1213 1655 1271; baseline -0.003 -12"><span class='ocrx_word' id='word_1_105' title='bbox 224 1234 379 1260; x_wconf 81' lang='lat' dir='ltr'>manae</span> <span class='ocrx_word' id='word_1_106' title='bbox 408 1220 576 1260; x_wconf 81' lang='lat' dir='ltr'>formae</span> <span class='ocrx_word' id='word_1_107' title='bbox 606 1218 786 1271; x_wconf 82' lang='lat' dir='ltr'>effigiem</span> <span class='ocrx_word' id='word_1_108' title='bbox 819 1230 992 1269; x_wconf 85' lang='lat' dir='ltr'>vertere,</span> <span class='ocrx_word' id='word_1_109' title='bbox 1020 1244 1070 1249; x_wconf 92' lang='lat'>—</span> <span class='ocrx_word' id='word_1_110' title='bbox 1101 1230 1149 1258; x_wconf 91' lang='lat' dir='ltr'>ut</span> <span class='ocrx_word' id='word_1_111' title='bbox 1177 1217 1309 1259; x_wconf 88' lang='lat' dir='ltr'>moris</span> <span class='ocrx_word' id='word_1_112' title='bbox 1341 1229 1397 1258; x_wconf 86' lang='lat' dir='ltr'>est</span> <span class='ocrx_word' id='word_1_113' title='bbox 1425 1215 1550 1269; x_wconf 78' lang='lat' dir='ltr'>iis,‘²)</span> <span class='ocrx_word' id='word_1_114' title='bbox 1581 1213 1655 1271; x_wconf 88' lang='lat' dir='ltr'>qui</span> 
     </span>
     <span class='ocr_line' id='line_1_15' title="bbox 224 1292 1653 1352; baseline -0.004 -14"><span class='ocrx_word' id='word_1_115' title='bbox 224 1296 451 1338; x_wconf 78' lang='lat' dir='ltr'>simulacra</span> <span class='ocrx_word' id='word_1_116' title='bbox 482 1308 831 1346; x_wconf 88' lang='lat' dir='ltr'>venerantur—,</span> <span class='ocrx_word' id='word_1_117' title='bbox 853 1307 892 1336; x_wconf 90' lang='lat' dir='ltr'>et</span> <span class='ocrx_word' id='word_1_118' title='bbox 924 1295 1091 1336; x_wconf 86' lang='lat' dir='ltr'>divinae</span> <span class='ocrx_word' id='word_1_119' title='bbox 1121 1294 1345 1352; x_wconf 83' lang='lat' dir='ltr'>majestatis</span> <span class='ocrx_word' id='word_1_120' title='bbox 1378 1292 1653 1334; x_wconf 80' lang='lat' dir='ltr'>eminentiam</span> 
     </span>
     <span class='ocr_line' id='line_1_16' title="bbox 224 1368 1584 1429; baseline -0.003 -15"><span class='ocrx_word' id='word_1_121' title='bbox 224 1372 470 1414; x_wconf 77' lang='lat' dir='ltr'>volucribus</span> <span class='ocrx_word' id='word_1_122' title='bbox 503 1384 542 1414; x_wconf 87' lang='lat' dir='ltr'>et</span> <span class='ocrx_word' id='word_1_123' title='bbox 573 1373 924 1429; x_wconf 80' lang='lat' dir='ltr'>quadrupedibus</span> <span class='ocrx_word' id='word_1_124' title='bbox 955 1384 994 1413; x_wconf 92' lang='lat' dir='ltr'>et</span> <span class='ocrx_word' id='word_1_125' title='bbox 1023 1373 1290 1428; x_wconf 87' lang='lat' dir='ltr'>serpentibus</span> <span class='ocrx_word' id='word_1_126' title='bbox 1322 1368 1584 1427; x_wconf 81' lang='lat' dir='ltr'>exaequare?</span> 
     </span>
     <span class='ocr_line' id='line_1_17' title="bbox 339 1446 1655 1508; baseline -0.005 -15"><span class='ocrx_word' id='word_1_127' title='bbox 339 1451 406 1493; x_wconf 84' lang='lat'>18.</span> <span class='ocrx_word' id='word_1_128' title='bbox 438 1450 524 1492; x_wconf 91' lang='lat' dir='ltr'>Pro</span> <span class='ocrx_word' id='word_1_129' title='bbox 545 1449 590 1506; x_wconf 72' lang='lat'>⁵)</span> <span class='ocrx_word' id='word_1_130' title='bbox 620 1450 774 1506; x_wconf 86' lang='lat' dir='ltr'>quibus</span> <span class='ocrx_word' id='word_1_131' title='bbox 805 1452 937 1492; x_wconf 85' lang='lat' dir='ltr'>causis</span> <span class='ocrx_word' id='word_1_132' title='bbox 966 1449 1188 1508; x_wconf 81' lang='lat' dir='ltr'>justissime</span> <span class='ocrx_word' id='word_1_133' title='bbox 1219 1447 1365 1504; x_wconf 88' lang='lat' dir='ltr'>utique</span> <span class='ocrx_word' id='word_1_134' title='bbox 1393 1447 1593 1498; x_wconf 82' lang='lat' dir='ltr'>„tradidit</span> <span class='ocrx_word' id='word_1_135' title='bbox 1609 1446 1655 1500; x_wconf 65' lang='grc' dir='ltr'>ὃ)</span> 
     </span>
     <span class='ocr_line' id='line_1_18' title="bbox 227 1524 1656 1573; baseline -0.005 -3"><span class='ocrx_word' id='word_1_136' title='bbox 227 1545 298 1570; x_wconf 92' lang='lat' dir='ltr'>eos</span> <span class='ocrx_word' id='word_1_137' title='bbox 328 1528 448 1570; x_wconf 91' lang='lat' dir='ltr'>Deus</span> <span class='ocrx_word' id='word_1_138' title='bbox 478 1529 521 1570; x_wconf 90' lang='lat' dir='ltr'>in</span> <span class='ocrx_word' id='word_1_139' title='bbox 555 1529 770 1571; x_wconf 84' lang='lat' dir='ltr'>desideriis</span> <span class='ocrx_word' id='word_1_140' title='bbox 801 1528 943 1570; x_wconf 87' lang='lat' dir='ltr'>cordis</span> <span class='ocrx_word' id='word_1_141' title='bbox 977 1544 1128 1569; x_wconf 84' lang='lat' dir='ltr'>eorum</span> <span class='ocrx_word' id='word_1_142' title='bbox 1158 1527 1204 1568; x_wconf 87' lang='lat' dir='ltr'>in</span> <span class='ocrx_word' id='word_1_143' title='bbox 1233 1524 1574 1573; x_wconf 85' lang='lat' dir='ltr'>immunditiam,</span> <span class='ocrx_word' id='word_1_144' title='bbox 1611 1534 1656 1563; x_wconf 87' lang='lat' dir='ltr'>ut</span> 
     </span>
     <span class='ocr_line' id='line_1_19' title="bbox 228 1602 1655 1660; baseline -0.005 -12"><span class='ocrx_word' id='word_1_145' title='bbox 228 1606 496 1648; x_wconf 88' lang='lat' dir='ltr'>contumeliis</span> <span class='ocrx_word' id='word_1_146' title='bbox 527 1605 714 1647; x_wconf 79' lang='lat' dir='ltr'>afficiant</span> <span class='ocrx_word' id='word_1_147' title='bbox 745 1621 931 1660; x_wconf 84' lang='lat' dir='ltr'>corpora</span> <span class='ocrx_word' id='word_1_148' title='bbox 959 1622 1034 1646; x_wconf 86' lang='lat' dir='ltr'>sua</span> <span class='ocrx_word' id='word_1_149' title='bbox 1064 1603 1110 1645; x_wconf 87' lang='lat' dir='ltr'>in</span> <span class='ocrx_word' id='word_1_150' title='bbox 1138 1615 1270 1646; x_wconf 89' lang='lat' dir='ltr'>semet</span> <span class='ocrx_word' id='word_1_151' title='bbox 1290 1602 1411 1658; x_wconf 87' lang='lat' dir='ltr'>ipsis:</span> <span class='ocrx_word' id='word_1_152' title='bbox 1442 1602 1515 1657; x_wconf 90' lang='lat' dir='ltr'>qui</span> <span class='ocrx_word' id='word_1_153' title='bbox 1536 1617 1655 1642; x_wconf 87' lang='lat' dir='ltr'>com-</span> 
     </span>
     <span class='ocr_line' id='line_1_20' title="bbox 226 1679 1657 1729; baseline -0.005 -5"><span class='ocrx_word' id='word_1_154' title='bbox 226 1694 498 1724; x_wconf 85' lang='lat' dir='ltr'>mutaverunt</span> <span class='ocrx_word' id='word_1_155' title='bbox 539 1682 756 1723; x_wconf 85' lang='lat' dir='ltr'>veritatem</span> <span class='ocrx_word' id='word_1_156' title='bbox 788 1681 872 1723; x_wconf 84' lang='lat' dir='ltr'>Dei</span> <span class='ocrx_word' id='word_1_157' title='bbox 912 1682 957 1723; x_wconf 89' lang='lat' dir='ltr'>in</span> <span class='ocrx_word' id='word_1_158' title='bbox 988 1681 1291 1729; x_wconf 70' lang='lat' dir='ltr'>mendacium,</span> <span class='ocrx_word' id='word_1_159' title='bbox 1332 1689 1372 1719; x_wconf 87' lang='lat' dir='ltr'>et</span> <span class='ocrx_word' id='word_1_160' title='bbox 1416 1679 1657 1727; x_wconf 73' lang='lat' dir='ltr'>coluerunt,</span> 
     </span>
     <span class='ocr_line' id='line_1_21' title="bbox 227 1755 1656 1814; baseline -0.003 -13"><span class='ocrx_word' id='word_1_161' title='bbox 227 1772 267 1801; x_wconf 87' lang='lat' dir='ltr'>et</span> <span class='ocrx_word' id='word_1_162' title='bbox 304 1760 539 1801; x_wconf 88' lang='lat' dir='ltr'>servierunt</span> <span class='ocrx_word' id='word_1_163' title='bbox 580 1770 798 1800; x_wconf 85' lang='lat' dir='ltr'>creaturae</span> <span class='ocrx_word' id='word_1_164' title='bbox 839 1757 1003 1814; x_wconf 85' lang='lat' dir='ltr'>potius,</span> <span class='ocrx_word' id='word_1_165' title='bbox 1050 1774 1177 1812; x_wconf 86' lang='lat' dir='ltr'>quam</span> <span class='ocrx_word' id='word_1_166' title='bbox 1221 1755 1438 1805; x_wconf 87' lang='lat' dir='ltr'>Creatori,</span> <span class='ocrx_word' id='word_1_167' title='bbox 1485 1755 1558 1811; x_wconf 88' lang='lat' dir='ltr'>qui</span> <span class='ocrx_word' id='word_1_168' title='bbox 1599 1766 1656 1797; x_wconf 81' lang='lat' dir='ltr'>est</span> 
     </span>
     <span class='ocr_line' id='line_1_22' title="bbox 226 1831 1655 1890; baseline -0.004 -11"><span class='ocrx_word' id='word_1_169' title='bbox 226 1837 475 1879; x_wconf 84' lang='lat' dir='ltr'>benedictus</span> <span class='ocrx_word' id='word_1_170' title='bbox 496 1837 542 1878; x_wconf 91' lang='lat' dir='ltr'>in</span> <span class='ocrx_word' id='word_1_171' title='bbox 563 1836 742 1879; x_wconf 85' lang='lat' dir='ltr'>saecula.</span> <span class='ocrx_word' id='word_1_172' title='bbox 771 1838 910 1877; x_wconf 83' lang='lat' dir='ltr'>Amen</span> <span class='ocrx_word' id='word_1_173' title='bbox 926 1834 968 1876; x_wconf 84' lang='lat'>!“</span> <span class='ocrx_word' id='word_1_174' title='bbox 1002 1834 1127 1889; x_wconf 85' lang='lat' dir='ltr'>Quae</span> <span class='ocrx_word' id='word_1_175' title='bbox 1144 1835 1307 1885; x_wconf 85' lang='lat' dir='ltr'>singula</span> <span class='ocrx_word' id='word_1_176' title='bbox 1331 1833 1520 1890; x_wconf 87' lang='lat' dir='ltr'>quamvis</span> <span class='ocrx_word' id='word_1_177' title='bbox 1542 1831 1655 1890; x_wconf 80' lang='lat' dir='ltr'>juxta</span> 
     </span>
     <span class='ocr_line' id='line_1_23' title="bbox 228 1912 1655 1970; baseline -0.003 -14"><span class='ocrx_word' id='word_1_178' title='bbox 228 1915 429 1956; x_wconf 88' lang='lat' dir='ltr'>ecclesiae</span> <span class='ocrx_word' id='word_1_179' title='bbox 464 1916 596 1956; x_wconf 84' lang='lat' dir='ltr'>fidem</span> <span class='ocrx_word' id='word_1_180' title='bbox 637 1925 948 1970; x_wconf 85' lang='lat' dir='ltr'>consequenter</span> <span class='ocrx_word' id='word_1_181' title='bbox 989 1912 1207 1968; x_wconf 81' lang='lat' dir='ltr'>explanari</span> <span class='ocrx_word' id='word_1_182' title='bbox 1245 1912 1486 1959; x_wconf 83' lang='lat' dir='ltr'>videantur,</span> <span class='ocrx_word' id='word_1_183' title='bbox 1534 1912 1655 1966; x_wconf 86' lang='lat' dir='ltr'>quod</span> 
     </span>
     <span class='ocr_line' id='line_1_24' title="bbox 224 1987 1657 2049; baseline -0.003 -15"><span class='ocrx_word' id='word_1_184' title='bbox 224 1993 578 2049; x_wconf 85' lang='lat' dir='ltr'>praecedentibus</span> <span class='ocrx_word' id='word_1_185' title='bbox 611 1991 744 2033; x_wconf 87' lang='lat' dir='ltr'>causis</span> <span class='ocrx_word' id='word_1_186' title='bbox 776 1992 999 2047; x_wconf 86' lang='lat' dir='ltr'>culparum</span> <span class='ocrx_word' id='word_1_187' title='bbox 1030 1987 1122 2046; x_wconf 78' lang='lat' dir='ltr'>jure</span> <span class='ocrx_word' id='word_1_188' title='bbox 1154 2003 1194 2031; x_wconf 89' lang='lat' dir='ltr'>et</span> <span class='ocrx_word' id='word_1_189' title='bbox 1223 1989 1374 2030; x_wconf 88' lang='lat' dir='ltr'>merito</span> <span class='ocrx_word' id='word_1_190' title='bbox 1408 1990 1657 2030; x_wconf 82' lang='lat' dir='ltr'>deserantur</span> 
     </span>
     <span class='ocr_line' id='line_1_25' title="bbox 228 2067 1656 2124; baseline -0.004 -13"><span class='ocrx_word' id='word_1_191' title='bbox 228 2086 250 2111; x_wconf 87' lang='lat' dir='ltr'>a</span> <span class='ocrx_word' id='word_1_192' title='bbox 282 2070 380 2111; x_wconf 84' lang='lat' dir='ltr'>Deo</span> <span class='ocrx_word' id='word_1_193' title='bbox 409 2068 467 2118; x_wconf 88' lang='lat' dir='ltr'>hi,</span> <span class='ocrx_word' id='word_1_194' title='bbox 497 2068 571 2124; x_wconf 90' lang='lat' dir='ltr'>qui</span> <span class='ocrx_word' id='word_1_195' title='bbox 592 2068 822 2118; x_wconf 85' lang='lat' dir='ltr'>veritatem,</span> <span class='ocrx_word' id='word_1_196' title='bbox 854 2084 984 2124; x_wconf 90' lang='lat' dir='ltr'>quam</span> <span class='ocrx_word' id='word_1_197' title='bbox 1006 2067 1103 2107; x_wconf 90' lang='lat' dir='ltr'>Deo</span> <span class='ocrx_word' id='word_1_198' title='bbox 1135 2067 1348 2108; x_wconf 82' lang='lat' dir='ltr'>revelante</span> <span class='ocrx_word' id='word_1_199' title='bbox 1379 2077 1656 2117; x_wconf 84' lang='lat' dir='ltr'>cognoscunt,</span> 
     </span>
     <span class='ocr_line' id='line_1_26' title="bbox 226 2145 1656 2203; baseline -0.003 -15"><span class='ocrx_word' id='word_1_200' title='bbox 226 2146 272 2188; x_wconf 86' lang='lat' dir='ltr'>in</span> <span class='ocrx_word' id='word_1_201' title='bbox 315 2146 536 2203; x_wconf 85' lang='lat' dir='ltr'>iniquitate</span> <span class='ocrx_word' id='word_1_202' title='bbox 580 2149 815 2196; x_wconf 81' lang='lat' dir='ltr'>detentam,</span> <span class='ocrx_word' id='word_1_203' title='bbox 864 2158 903 2186; x_wconf 90' lang='lat' dir='ltr'>et</span> <span class='ocrx_word' id='word_1_204' title='bbox 947 2160 1025 2201; x_wconf 89' lang='lat' dir='ltr'>per</span> <span class='ocrx_word' id='word_1_205' title='bbox 1066 2145 1176 2194; x_wconf 88' lang='lat' dir='ltr'>hoc,</span> <span class='ocrx_word' id='word_1_206' title='bbox 1224 2145 1342 2200; x_wconf 90' lang='lat' dir='ltr'>quod</span> <span class='ocrx_word' id='word_1_207' title='bbox 1391 2145 1656 2192; x_wconf 76' lang='lat' dir='ltr'>deseruntur,</span> 
     </span>
    </p>
   </div>
   <div class='ocr_carea' id='block_1_3' title="bbox 225 2219 1654 2280">
    <p class='ocr_par' dir='ltr' id='par_1_3' title="bbox 225 2219 1654 2280">
     <span class='ocr_line' id='line_1_27' title="bbox 225 2219 1654 2280; baseline -0.003 -16"><span class='ocrx_word' id='word_1_208' title='bbox 225 2223 514 2280; x_wconf 84' lang='lat' dir='ltr'>traduntur7)</span> <span class='ocrx_word' id='word_1_209' title='bbox 555 2223 769 2265; x_wconf 87' lang='lat' dir='ltr'>desideriis</span> <span class='ocrx_word' id='word_1_210' title='bbox 815 2223 955 2264; x_wconf 86' lang='lat' dir='ltr'>cordis</span> <span class='ocrx_word' id='word_1_211' title='bbox 1002 2223 1086 2265; x_wconf 88' lang='lat' dir='ltr'>sui:</span> <span class='ocrx_word' id='word_1_212' title='bbox 1126 2247 1177 2254; x_wconf 88' lang='lat'>—-</span> <span class='ocrx_word' id='word_1_213' title='bbox 1219 2238 1405 2277; x_wconf 90' lang='lat' dir='ltr'>quorum</span> <span class='ocrx_word' id='word_1_214' title='bbox 1447 2219 1654 2261; x_wconf 83' lang='lat' dir='ltr'>desideria</span> 
     </span>
    </p>
   </div>
   <div class='ocr_carea' id='block_1_4' title="bbox 227 2347 1653 2727">
    <p class='ocr_par' dir='ltr' id='par_1_4' title="bbox 346 2347 1070 2404">
     <span class='ocr_line' id='line_1_28' title="bbox 346 2347 1070 2404; baseline 0 -15"><span class='ocrx_word' id='word_1_215' title='bbox 346 2349 390 2404; x_wconf 81' lang='lat'>¹)</span> <span class='ocrx_word' id='word_1_216' title='bbox 419 2349 529 2391; x_wconf 88' lang='lat' dir='ltr'>Edd.</span> <span class='ocrx_word' id='word_1_217' title='bbox 558 2349 753 2390; x_wconf 87' lang='lat' dir='ltr'>Merlini:</span> <span class='ocrx_word' id='word_1_218' title='bbox 784 2366 833 2390; x_wconf 89' lang='lat' dir='ltr'>ac</span> <span class='ocrx_word' id='word_1_219' title='bbox 867 2347 1070 2393; x_wconf 74' lang='lat' dir='ltr'>divinitas.</span> 
     </span>
    </p>

    <p class='ocr_par' dir='ltr' id='par_1_5' title="bbox 342 2417 1498 2474">
     <span class='ocr_line' id='line_1_29' title="bbox 342 2417 1498 2474; baseline -0.003 -13"><span class='ocrx_word' id='word_1_220' title='bbox 342 2419 391 2474; x_wconf 82' lang='lat'>²)</span> <span class='ocrx_word' id='word_1_221' title='bbox 422 2420 536 2462; x_wconf 84' lang='lat' dir='ltr'>Alias</span> <span class='ocrx_word' id='word_1_222' title='bbox 566 2420 624 2474; x_wconf 85' lang='lat' dir='ltr'>(e.</span> <span class='ocrx_word' id='word_1_223' title='bbox 656 2435 688 2459; x_wconf 90' lang='lat' dir='ltr'>c.</span> <span class='ocrx_word' id='word_1_224' title='bbox 720 2420 764 2460; x_wconf 90' lang='lat' dir='ltr'>in</span> <span class='ocrx_word' id='word_1_225' title='bbox 797 2421 889 2460; x_wconf 90' lang='lat' dir='ltr'>edd.</span> <span class='ocrx_word' id='word_1_226' title='bbox 924 2419 1028 2474; x_wconf 82' lang='grc' dir='ltr'>Μ.);</span> <span class='ocrx_word' id='word_1_227' title='bbox 1060 2423 1418 2470; x_wconf 82' lang='lat' dir='ltr'>‚,c0gnovcrunt.“</span> <span class='ocrx_word' id='word_1_228' title='bbox 1450 2417 1498 2457; x_wconf 78' lang='lat' dir='ltr'>R.</span> 
     </span>
    </p>

    <p class='ocr_par' dir='ltr' id='par_1_6' title="bbox 343 2487 1650 2543">
     <span class='ocr_line' id='line_1_30' title="bbox 343 2487 1650 2543; baseline -0.001 -15"><span class='ocrx_word' id='word_1_229' title='bbox 343 2488 390 2543; x_wconf 75' lang='lat'>3)</span> <span class='ocrx_word' id='word_1_230' title='bbox 420 2488 742 2530; x_wconf 56' lang='lat' dir='ltr'>Edd.]NIerlini:</span> <span class='ocrx_word' id='word_1_231' title='bbox 773 2489 999 2540; x_wconf 82' lang='lat' dir='ltr'>imaginem</span> <span class='ocrx_word' id='word_1_232' title='bbox 1026 2489 1121 2529; x_wconf 83' lang='lat' dir='ltr'>Dei.</span> <span class='ocrx_word' id='word_1_233' title='bbox 1212 2488 1258 2543; x_wconf 75' lang='lat'>⁴²)</span> <span class='ocrx_word' id='word_1_234' title='bbox 1290 2488 1368 2529; x_wconf 79' lang='lat' dir='ltr'>Ed.</span> <span class='ocrx_word' id='word_1_235' title='bbox 1395 2488 1548 2528; x_wconf 75' lang='lat' dir='ltr'>Ruaci:</span> <span class='ocrx_word' id='word_1_236' title='bbox 1578 2487 1650 2527; x_wconf 76' lang='lat' dir='ltr'>his.</span> 
     </span>
    </p>

    <p class='ocr_par' dir='ltr' id='par_1_7' title="bbox 227 2557 1653 2727">
     <span class='ocr_line' id='line_1_31' title="bbox 345 2557 1653 2614; baseline -0.003 -14"><span class='ocrx_word' id='word_1_237' title='bbox 345 2558 389 2614; x_wconf 79' lang='lat'>⁵)</span> <span class='ocrx_word' id='word_1_238' title='bbox 422 2559 493 2600; x_wconf 91' lang='lat' dir='ltr'>Sic</span> <span class='ocrx_word' id='word_1_239' title='bbox 526 2575 672 2599; x_wconf 90' lang='lat' dir='ltr'>omnes</span> <span class='ocrx_word' id='word_1_240' title='bbox 693 2559 807 2609; x_wconf 82' lang='lat' dir='ltr'>Mss.,</span> <span class='ocrx_word' id='word_1_241' title='bbox 837 2576 1019 2614; x_wconf 86' lang='lat' dir='ltr'>quorum</span> <span class='ocrx_word' id='word_1_242' title='bbox 1055 2570 1193 2599; x_wconf 85' lang='lat' dir='ltr'>tamen</span> <span class='ocrx_word' id='word_1_243' title='bbox 1225 2558 1418 2613; x_wconf 71' lang='lat' dir='ltr'>plerique,</span> <span class='ocrx_word' id='word_1_244' title='bbox 1452 2557 1653 2597; x_wconf 81' lang='lat' dir='ltr'>omittunt</span> 
     </span>
     <span class='ocr_line' id='line_1_32' title="bbox 228 2614 1653 2671; baseline -0.003 -16"><span class='ocrx_word' id='word_1_245' title='bbox 228 2615 400 2671; x_wconf 69' lang='lat' dir='ltr'>utique,</span> <span class='ocrx_word' id='word_1_246' title='bbox 432 2627 471 2656; x_wconf 92' lang='lat' dir='ltr'>et</span> <span class='ocrx_word' id='word_1_247' title='bbox 500 2633 609 2656; x_wconf 91' lang='lat' dir='ltr'>unus</span> <span class='ocrx_word' id='word_1_248' title='bbox 629 2614 728 2665; x_wconf 82' lang='lat' dir='ltr'>Reg.</span> <span class='ocrx_word' id='word_1_249' title='bbox 752 2615 899 2657; x_wconf 80' lang='lat' dir='ltr'>habet:</span> <span class='ocrx_word' id='word_1_250' title='bbox 932 2616 999 2664; x_wconf 85' lang='lat' dir='ltr'>„in</span> <span class='ocrx_word' id='word_1_251' title='bbox 1024 2615 1279 2663; x_wconf 31' lang='lat' dir='ltr'>deside-rium</span> <span class='ocrx_word' id='word_1_252' title='bbox 1302 2615 1442 2654; x_wconf 87' lang='lat' dir='ltr'>cordis</span> <span class='ocrx_word' id='word_1_253' title='bbox 1464 2620 1653 2654; x_wconf 80' lang='lat' dir='ltr'>eorum.“</span> 
     </span>
     <span class='ocr_line' id='line_1_33' title="bbox 227 2669 1651 2727; baseline -0.002 -14"><span class='ocrx_word' id='word_1_254' title='bbox 227 2672 344 2714; x_wconf 88' lang='lat' dir='ltr'>Editi</span> <span class='ocrx_word' id='word_1_255' title='bbox 373 2689 472 2713; x_wconf 85' lang='lat' dir='ltr'>vero</span> <span class='ocrx_word' id='word_1_256' title='bbox 504 2673 562 2727; x_wconf 80' lang='lat' dir='ltr'>(e.</span> <span class='ocrx_word' id='word_1_257' title='bbox 595 2689 627 2712; x_wconf 94' lang='lat' dir='ltr'>c.</span> <span class='ocrx_word' id='word_1_258' title='bbox 661 2673 754 2712; x_wconf 84' lang='lat' dir='ltr'>edd.</span> <span class='ocrx_word' id='word_1_259' title='bbox 787 2671 892 2724; x_wconf 76' lang='lat' dir='ltr'><strong>M.):</strong></span> <span class='ocrx_word' id='word_1_260' title='bbox 940 2672 1152 2726; x_wconf 81' lang='lat' dir='ltr'>„Propter</span> <span class='ocrx_word' id='word_1_261' title='bbox 1192 2671 1309 2726; x_wconf 88' lang='lat' dir='ltr'>quod</span> <span class='ocrx_word' id='word_1_262' title='bbox 1350 2669 1521 2710; x_wconf 85' lang='lat' dir='ltr'>tradidit</span> <span class='ocrx_word' id='word_1_263' title='bbox 1559 2670 1651 2710; x_wconf 77' lang='lat' dir='ltr'>illos</span> 
     </span>
    </p>
   </div>
   <div class='ocr_carea' id='block_1_5' title="bbox 225 2727 1651 2841">
    <p class='ocr_par' dir='ltr' id='par_1_8' title="bbox 225 2727 1651 2841">
     <span class='ocr_line' id='line_1_34' title="bbox 225 2727 1651 2776; baseline -0.002 -8"><span class='ocrx_word' id='word_1_264' title='bbox 225 2729 344 2769; x_wconf 85' lang='lat' dir='ltr'>Deus</span> <span class='ocrx_word' id='word_1_265' title='bbox 373 2728 415 2770; x_wconf 88' lang='lat' dir='ltr'>in</span> <span class='ocrx_word' id='word_1_266' title='bbox 449 2728 655 2769; x_wconf 86' lang='lat' dir='ltr'>desideria</span> <span class='ocrx_word' id='word_1_267' title='bbox 689 2728 828 2769; x_wconf 86' lang='lat' dir='ltr'>cordis</span> <span class='ocrx_word' id='word_1_268' title='bbox 860 2734 1067 2776; x_wconf 83' lang='lat' dir='ltr'>eorum‚⁸‘</span> <span class='ocrx_word' id='word_1_269' title='bbox 1101 2739 1196 2776; x_wconf 81' lang='lat' dir='ltr'>etc.,</span> <span class='ocrx_word' id='word_1_270' title='bbox 1239 2738 1278 2767; x_wconf 91' lang='lat' dir='ltr'>et</span> <span class='ocrx_word' id='word_1_271' title='bbox 1309 2727 1472 2766; x_wconf 86' lang='lat' dir='ltr'>addunt</span> <span class='ocrx_word' id='word_1_272' title='bbox 1502 2727 1651 2767; x_wconf 82' lang='lat' dir='ltr'>Amen</span> 
     </span>
     <span class='ocr_line' id='line_1_35' title="bbox 226 2782 1489 2841; baseline -0.003 -15"><span class='ocrx_word' id='word_1_273' title='bbox 226 2783 370 2841; x_wconf 87' lang='lat' dir='ltr'>(quod</span> <span class='ocrx_word' id='word_1_274' title='bbox 401 2784 528 2835; x_wconf 85' lang='lat' dir='ltr'>igitur</span> <span class='ocrx_word' id='word_1_275' title='bbox 557 2786 671 2826; x_wconf 86' lang='lat' dir='ltr'>deest</span> <span class='ocrx_word' id='word_1_276' title='bbox 699 2785 743 2826; x_wconf 88' lang='lat' dir='ltr'>in</span> <span class='ocrx_word' id='word_1_277' title='bbox 777 2786 839 2825; x_wconf 84' lang='lat' dir='ltr'>ed.</span> <span class='ocrx_word' id='word_1_278' title='bbox 872 2782 944 2838; x_wconf 81' lang='lat' dir='ltr'>R.)</span> <span class='ocrx_word' id='word_1_279' title='bbox 977 2785 1020 2825; x_wconf 89' lang='lat' dir='ltr'>in</span> <span class='ocrx_word' id='word_1_280' title='bbox 1051 2785 1136 2825; x_wconf 78' lang='lat' dir='ltr'>sine</span> <span class='ocrx_word' id='word_1_281' title='bbox 1167 2793 1394 2824; x_wconf 84' lang='lat' dir='ltr'>contextus.</span> <span class='ocrx_word' id='word_1_282' title='bbox 1444 2782 1489 2822; x_wconf 82' lang='lat' dir='ltr'>R.</span> 
     </span>
    </p>
   </div>
   <div class='ocr_carea' id='block_1_6' title="bbox 339 2852 1342 2978">
    <p class='ocr_par' dir='ltr' id='par_1_9' title="bbox 339 2852 1342 2978">
     <span class='ocr_line' id='line_1_36' title="bbox 342 2852 804 2908; baseline 0.004 -15"><span class='ocrx_word' id='word_1_283' title='bbox 342 2852 388 2908; x_wconf 78' lang='lat'>⁶)</span> <span class='ocrx_word' id='word_1_284' title='bbox 419 2852 545 2894; x_wconf 88' lang='lat' dir='ltr'>Rom.</span> <span class='ocrx_word' id='word_1_285' title='bbox 574 2854 606 2904; x_wconf 85' lang='grc' dir='ltr'>Ι,</span> <span class='ocrx_word' id='word_1_286' title='bbox 635 2854 705 2896; x_wconf 81' lang='lat'>24.</span> <span class='ocrx_word' id='word_1_287' title='bbox 736 2856 804 2897; x_wconf 77' lang='lat'>25.</span> 
     </span>
     <span class='ocr_line' id='line_1_37' title="bbox 339 2923 1342 2978; baseline -0.001 -14"><span class='ocrx_word' id='word_1_288' title='bbox 339 2923 384 2978; x_wconf 89' lang='lat'>⁷)</span> <span class='ocrx_word' id='word_1_289' title='bbox 414 2923 523 2965; x_wconf 86' lang='lat' dir='ltr'>Edd.</span> <span class='ocrx_word' id='word_1_290' title='bbox 553 2923 751 2967; x_wconf 85' lang='lat' dir='ltr'>Merlini:</span> <span class='ocrx_word' id='word_1_291' title='bbox 785 2926 1010 2967; x_wconf 87' lang='lat' dir='ltr'>traduntur</span> <span class='ocrx_word' id='word_1_292' title='bbox 1041 2926 1083 2967; x_wconf 88' lang='lat' dir='ltr'>in</span> <span class='ocrx_word' id='word_1_293' title='bbox 1115 2923 1342 2966; x_wconf 83' lang='lat' dir='ltr'>desideriis.</span> 
     </span>
    </p>
   </div>
  </div>
 </body>
</html>
