1788 3111
197 107 256 149 40
538 104 761 148 Omeus
788 118 836 150 m
864 105 943 150 ΕΡ.
971 118 1032 150 An
1065 107 1290 150 ROMANOS

199 237 293 262 non
324 231 384 262 est
413 220 643 276 probabile
673 220 929 263 desiderium
957 220 1252 263 circumeundi
1282 222 1441 262 fratres.
1489 219 1625 275 Quod

202 309 346 339 autem
388 298 511 339 dicit:
552 299 693 355 „ut¹)
734 300 913 355 aliquod
949 301 1118 343 tradam
1147 299 1269 342 vobis
1299 300 1464 340 donum
1502 297 1626 354 spiri-

199 375 354 425 tuale,“
383 374 551 417 videtur
584 375 786 426 indicare,
818 393 903 419 esse
924 376 1098 432 aliquid,
1130 378 1249 432 quod
1268 378 1435 418 donum
1452 374 1626 431 quidem

200 452 273 502 sit,
312 469 407 494 non
434 464 577 495 tamen
608 453 837 510 spirituale.
894 455 1006 494 Nam
1038 455 1204 495 donum
1241 455 1344 497 fidei
1373 453 1463 496 sine
1493 452 1626 494 dubio

200 529 421 584 spirituale
451 543 530 581 est,
569 543 610 572 et
640 532 805 572 donum
835 531 1084 587 sapientiae,
1125 544 1166 573 et
1193 531 1405 581 scientiae,
1437 541 1476 572 et
1504 530 1629 583 virgi-

200 606 342 649 nitatis
372 607 573 650 similiter.
632 608 721 649 Ubi
752 621 894 650 autem
931 610 1032 650 dicit
1063 611 1117 650 de
1145 610 1303 667 nuptiis
1335 621 1374 650 et
1403 607 1517 664 ‹]e²)
1546 609 1630 650 vir-

203 683 394 735 gInitate,
432 686 634 743 loquens:
665 686 824 742 ,‚sed³)
859 687 1151 743 unusquisque
1181 688 1411 744 proprium
1426 686 1472 738 4)
1502 687 1633 728 habet

206 762 373 803 donum
405 780 428 804 a
459 764 571 814 Deo,
612 765 718 806 alius
747 765 827 814 sic,
870 765 975 807 alius
1013 777 1154 807 autem
1184 766 1299 807 sic:“
1340 766 1505 807 donum
1538 764 1632 819 qui-

205 841 304 880 dem
337 839 439 881 dicit
471 857 556 883 esse
585 842 774 898 nuptias,
805 842 1034 898 quoniam,
1068 842 1175 884 sicut
1204 843 1411 899 scriptum
1442 853 1514 892 est,
1546 842 1632 897 2⁵)

206 918 329 967 „Deo
362 931 532 975 aptatur
560 919 715 960 mulier
744 919 896 961 viro:“
932 921 1007 961 sed
1046 937 1138 962 non
1174 919 1286 961 istud
1318 921 1484 961 donum
1514 917 1633 975 est‘3)

204 995 438 1052 spirituale.
496 999 683 1040 Possunt
724 1008 764 1037 et
803 997 884 1038 alia
924 998 1057 1038 multa
1101 999 1215 1039 dona
1234 997 1278 1053 ⁷)
1318 997 1404 1037 Dei
1442 996 1548 1046 dici,
1588 1007 1635 1037 ut

205 1072 389 1125 divitiae,
421 1086 459 1116 et
480 1067 689 1116 fortitudo
714 1076 923 1130 corporis,
951 1086 1000 1116 ut
1023 1077 1191 1117 formae
1212 1077 1357 1124 decor,
1385 1085 1434 1114 ut
1456 1089 1636 1126 regnum

203 1162 413 1193 terrestre.
457 1153 495 1193 A
517 1152 614 1193 Deo
649 1152 762 1194 enim
794 1153 919 1194 etiam
950 1154 1054 1194 haec
1087 1155 1318 1204 donantur,
1347 1153 1454 1194 sicut
1489 1163 1529 1193 et
1544 1152 1637 1192 Da-

204 1228 290 1269 niel
332 1229 453 1271 dicit:
494 1230 682 1286 „quia8)
721 1230 811 1286 ipse
849 1230 951 1272 facit
981 1246 1118 1282 reges,
1162 1243 1202 1271 et
1232 1233 1521 1272 commutat:“
1561 1230 1636 1270 sed

204 1323 297 1347 non
325 1319 424 1349 sunt
454 1308 559 1348 haec
590 1309 707 1349 dona
736 1307 985 1364 spiritualia.
1023 1307 1145 1349 Beati
1174 1320 1273 1350 sunt
1303 1324 1402 1360 ergo
1434 1307 1511 1357 illi,
1542 1306 1638 1362 qui-

204 1384 285 1425 bus
314 1383 578 1440 spiritualem
612 1383 786 1436 gratiam
821 1386 991 1426 tradere
1019 1387 1109 1427 vult
1129 1386 1363 1441 Apostolus
1395 1385 1450 1425 ad
1480 1384 1639 1425 confir-

204 1460 445 1503 mationem
485 1462 608 1512 fidei,
659 1474 706 1503 ut
742 1464 854 1504 ultra
894 1462 981 1520 jam
1019 1479 1112 1504 non
1150 1462 1233 1505 sint
1268 1461 1458 1519 parvuli,
1498 1476 1640 1516 neque

208 1538 624 1597 circumferantur9)
658 1541 777 1582 omni
805 1552 932 1582 vento
965 1541 1197 1583 doctrinae.
1247 1542 1382 1604 Quod
1413 1556 1511 1581 cum
1540 1539 1587 1580 fit
1616 1555 1639 1579 a

207 1615 363 1667 Paulo,
393 1628 433 1657 et
462 1616 553 1672 ipse
584 1618 925 1660 consolationem
960 1619 1085 1673 capit,
1117 1635 1225 1673 opus
1245 1634 1370 1660 suum
1392 1617 1568 1657 firmum
1601 1626 1641 1656 et

209 1692 358 1734 stabile
388 1693 547 1743 videns,
578 1706 618 1735 et
647 1694 710 1736 illi
742 1696 1035 1744 consolantur,
1068 1694 1142 1750 qui
1172 1693 1452 1749 Apostolicae
1483 1693 1641 1745 gratiae

208 1770 440 1827 participes
468 1772 589 1812 fiunt.

324 1849 392 1891 13.
423 1849 565 1899 „Nolo
585 1849 656 1905 ¹⁰)
687 1862 826 1891 autem
857 1866 930 1892 vos
960 1849 1170 1902 ignorare,
1201 1851 1362 1898 fratres,
1393 1848 1492 1905 quia
1515 1862 1644 1903 saepe

210 1926 425 1983 proposui
455 1925 598 1968 venire
630 1928 684 1968 ad
716 1944 813 1978 vos,
841 1952 897 1959 —
935 1939 974 1969 et
1002 1927 1245 1984 prohibitus
1276 1944 1370 1969 sum
1401 1941 1536 1981 usque
1566 1927 1641 1966 ad-

212 2000 311 2054 hue,
341 2027 394 2035 -
426 2015 473 2045 ut
503 2004 690 2060 aliquem
721 2007 910 2046 fructum
937 2005 1117 2046 habeam
1150 2005 1278 2061 et¹¹)
1308 2005 1352 2046 in
1372 2004 1505 2052 vobis,
1535 2002 1642 2044 sicut

214 2091 253 2121 et
282 2081 326 2122 in
366 2080 538 2123 caeteris
568 2080 774 2133 gentibus.
835 2079 1009 2124 Graecis
1055 2099 1102 2123 ac
1133 2082 1349 2133 barbaris,
1382 2079 1642 2136 sapientibus

336 2227 379 2282 ¹)
408 2226 534 2269 Rom.
569 2228 609 2278 I,
641 2229 708 2272 11.
751 2253 803 2260 —-
841 2228 954 2271 Edd.
984 2229 1159 2271 Mcrlini
1191 2230 1229 2271 h.
1260 2231 1307 2279 l.,
1349 2231 1422 2272 cfr.
1452 2244 1547 2286 pag.
1576 2228 1643 2271 39.

214 2296 304 2326 not.
335 2286 387 2335 7.,
415 2296 464 2325 ut
492 2285 538 2326 in
568 2297 682 2326 textu
713 2298 874 2328 nostro,

333 2354 380 2408 ²)
411 2355 690 2396 Desideratur
716 2358 822 2406 „dc“
851 2358 895 2398 in
927 2359 991 2399 ed.
1023 2357 1168 2398 Ruaci.

333 2425 381 2480 ³)
414 2425 431 2465 I
466 2423 567 2466 Cor.
597 2426 690 2474 VH,
722 2428 760 2469 7.

334 2495 380 2551 ⁴)
412 2495 523 2540 Edd.
551 2494 750 2536 ”Mcrllniz
778 2498 1006 2553 proprium
1039 2499 1203 2539 donum
1234 2499 1362 2540 habet
1394 2515 1417 2539 a
1447 2497 1577 2538 Deo.¹

336 2565 381 2622 ⁵)
412 2566 525 2608 Dan.
555 2566 676 2616 XIX,
708 2569 773 2610 14.

335 2635 384 2692 ⁶)
413 2636 694 2678 Desideratur
724 2643 835 2687 „est‚“
867 2639 910 2679 iu
944 2639 1038 2680 edd.
1069 2638 1254 2679 Merlini.

337 2706 383 2762 ⁷)
414 2706 524 2748 Edd.
555 2707 749 2748 MerIIni:
786 2710 951 2749 donum
983 2708 1076 2749 Dei.
1198 2708 1244 2763 Β)
1276 2709 1387 2750 Dan.
1420 2708 1473 2758 ll,
1500 2708 1566 2751 21.

336 2776 385 2832 9)
414 2777 571 2834 Ephcs.
602 2777 673 2827 IV,
704 2779 769 2823 14.
890 2777 961 2833 ¹⁰)
993 2778 1119 2820 Rom.
1149 2779 1179 2828 l,
1212 2781 1276 2823 13.
1310 2778 1374 2824 14.
1407 2779 1470 2821 15.

314 2846 388 2904 ¹¹)
418 2848 698 2892 Desideratur
728 2854 819 2901 ‚,et“
848 2850 892 2891 in
924 2850 1018 2891 edd.
1050 2848 1234 2890 Mcrlini.
