1788 3111
210 98 294 151 136
547 105 771 148 OmGEms
799 118 848 149 m
877 105 955 150 ΕΡ.
985 117 1045 148 AD
1077 106 1302 150 ROMANOS

209 219 290 276 ipsi
318 218 364 259 in
396 218 602 260 Hebraeis
635 218 947 276 exemplaribus
986 219 1143 261 habere
1174 236 1217 261 se
1249 219 1414 262 dicunt:
1457 237 1569 275 „ego
1593 219 1638 275 ¹)

211 307 356 338 autem
403 295 721 338 incircumcisus
764 313 858 338 sum
905 296 1075 353 labiis.“
1150 297 1319 352 Quodsi
1363 299 1445 340 hoc
1488 299 1636 347 modo,

213 390 299 429 quo
316 372 363 428 ²)
396 373 589 430 superius
621 373 823 424 diximus,
863 386 1006 430 potest
1037 375 1128 430 quis
1159 375 1475 417 incircumcisus
1506 375 1639 417 videri
1664 434 1667 435 γ

212 449 407 501 auribus,
451 462 491 493 et
520 450 836 493 incircumcisus
867 450 1009 502 labiis,
1049 468 1126 492 cur
1154 469 1244 492 non
1277 464 1317 493 et
1346 452 1471 493 simili
1498 454 1639 494 forma

211 525 531 569 incircumcisus
569 527 796 585 praeputio
837 527 973 569 carnis
1005 546 1103 570 suae
1145 529 1310 570 dicatur
1339 529 1394 580 is,
1440 529 1512 585 qui
1543 546 1639 583 erga

212 604 453 644 naturalem
494 604 628 647 coitus
671 617 837 646 motum
867 605 1189 648 immoderatius
1222 619 1262 648 et
1291 606 1639 662 intemperantius

213 681 361 731 effluit,
393 681 662 724 circumcisus
693 698 793 723 vero
824 683 1043 733 habeatur,
1080 683 1113 724 si
1146 683 1236 739 quis
1266 684 1311 724 in
1342 683 1640 741 hujuscemodi

212 757 385 810 negotio
425 758 642 810 legitimis,
685 770 726 800 et
757 771 964 814 quantum
1004 760 1238 816 posteritati
1279 761 1454 812 sufficit,
1495 773 1642 802 utatur

212 833 395 876 officiis?
428 835 590 876 Verum
624 835 827 891 quoniam
859 837 912 877 de
944 837 1275 879 circumcisionis
1301 838 1466 880 ratione
1485 849 1638 879 tracta-

212 928 327 961 mus,
370 911 495 953 etiam
533 913 642 953 illud
682 912 745 954 his
786 912 1018 971 adjungere
1056 932 1145 954 non
1186 916 1420 956 absurdum
1459 915 1640 966 videtur,

214 989 333 1044 quod
364 990 486 1030 Jesus
518 989 629 1030 filius
661 991 777 1031 Nave
810 1007 858 1031 ex
896 1003 1125 1047 praecepto
1157 991 1338 1033 Domini
1367 991 1479 1034 filios
1509 992 1641 1033 Israel

211 1066 402 1107 seeundo
435 1066 747 1109 circumcidisse
780 1067 924 1109 cultris
963 1068 1093 1110 saxeis
1131 1069 1478 1125 nlclnoratur33)
1522 1070 1641 1124 quod

211 1141 380 1198 utique,
423 1155 630 1198 quantum
671 1146 725 1185 ad
756 1144 922 1186 literam
962 1158 1142 1201 spectat,
1180 1146 1443 1203 impossibile
1481 1147 1640 1187 sactum

210 1217 391 1260 videtur.
460 1221 603 1263 Semel
620 1220 663 1274 4)
708 1220 820 1261 enim
864 1220 1118 1263 circumcisis
1159 1223 1205 1264 in
1245 1240 1370 1264 carne
1415 1223 1641 1279 praeputii,

212 1294 317 1350 quid
345 1295 535 1337 invenire
563 1308 707 1353 posset
737 1298 922 1339 secunda
955 1298 1240 1350 circumcisio,
1275 1302 1393 1356 quod
1424 1300 1640 1342 auferret?

211 1372 335 1413 Jesus
365 1390 466 1414 vero
500 1385 666 1424 noster,
713 1374 786 1430 qui
825 1391 923 1415 vere
958 1388 1056 1432 post
1086 1377 1242 1418 Mosen
1277 1377 1389 1419 filios
1428 1378 1558 1419 Israel
1596 1377 1642 1418 in

211 1460 367 1490 terram
399 1463 586 1492 sanctam
619 1451 823 1492 fluentem
854 1452 919 1493 lae
951 1465 991 1494 et
1021 1454 1126 1504 mel,
1166 1454 1271 1507 in5)
1302 1466 1459 1498 terram
1490 1471 1641 1511 repro-

210 1525 422 1569 missionis
455 1528 641 1578 inducit,
683 1528 852 1570 evidens
885 1542 965 1581 est,
1000 1532 1222 1587 quomodo
1253 1548 1345 1573 non
1376 1532 1527 1581 semel,
1567 1532 1642 1573 sed

213 1606 403 1646 secundo
436 1605 712 1646 circumcidat
752 1607 1017 1648 credentium
1057 1609 1283 1664 populum.
1342 1608 1486 1649 Prima
1515 1625 1638 1648 nam-

213 1697 296 1736 que
328 1693 389 1722 cst
419 1680 508 1739 ejus
541 1682 818 1732 circumcisio,
854 1700 936 1738 qua
967 1684 1019 1723 ab
1050 1683 1098 1724 iis
1120 1684 1186 1724 vel
1215 1684 1435 1726 idolorum
1465 1685 1641 1734 cultum,

212 1757 278 1797 vel
297 1771 536 1800 commenta
555 1759 881 1815 philosophicae
898 1759 1184 1815 persuasionis
1206 1761 1399 1802 exsecuit.
1441 1762 1640 1804 Secunda

211 1850 313 1875 vero
352 1834 488 1875 utitur
526 1835 872 1885 circumcisione,
919 1854 1015 1878 cum
1064 1838 1116 1878 ab
1166 1837 1214 1878 iis
1258 1837 1406 1878 veteris
1454 1838 1639 1880 hominis

212 1910 591 1964 consuetudinem,
637 1925 677 1955 ct
713 1913 930 1970 passiones
971 1930 1018 1954 ac
1049 1913 1146 1956 vitia
1178 1914 1313 1956 carnis
1354 1915 1555 1957 abscidit:
1601 1928 1642 1957 ct

210 1998 313 2028 tunc
336 1989 588 2044 completur,
621 1992 738 2047 quod
765 1990 809 2032 in
828 1992 931 2032 Jesu
950 1992 1068 2032 Nave
1085 1991 1290 2047 scriptum
1311 2004 1389 2033 est:
1423 1992 1579 2042 „hodie
1594 1993 1640 2047 ⁶)

211 2080 235 2105 a
265 2065 387 2107 vobis
420 2066 576 2107 abstuli
617 2068 852 2124 opprobria
885 2067 1105 2126 Aegyptif‘
1167 2067 1417 2123 Oppi-obria
1453 2086 1641 2126 namque

211 2141 393 2200 Aegypti
422 2158 568 2184 ‘secum
600 2144 864 2196 circumfert,
906 2144 939 2186 si
971 2143 1063 2200 quis
1095 2143 1139 2184 in
1171 2145 1345 2186 ecclesia
1374 2146 1557 2202 positus,
1601 2159 1641 2188 et

213 2218 293 2259 sub
324 2219 427 2260 Jesu
459 2221 567 2261 duce
597 2222 797 2274 militans,
830 2222 1062 2281 Aegyptios
1092 2235 1234 2264 mores
1267 2234 1306 2264 et
1337 2235 1480 2265 motus
1510 2223 1638 2265 animi

211 2295 416 2338 barbaros
448 2311 594 2340 servet.
639 2299 838 2341 lVIarcion
858 2316 970 2350 sane,
1002 2299 1069 2340 cui
1099 2316 1176 2355 per
1198 2300 1442 2354 allegoriam
1471 2300 1638 2354 nihi17)

330 2433 375 2488 ¹)
404 2435 542 2477 Exod.
578 2438 647 2486 IV,
681 2439 745 2480 10.
779 2439 876 2479 0011.
907 2440 980 2487 VI,
1010 2439 1077 2481 30.

327 2504 374 2559 ²)
403 2505 515 2546 Edd.
547 2507 743 2548 Mei-lini:
777 2510 907 2563 quod.
1026 2507 1069 2562 3)
1100 2509 1190 2549 JOS.
1223 2509 1273 2557 V,
1304 2508 1341 2548 2.

329 2573 375 2629 4)
404 2575 517 2617 Edd.
550 2576 747 2617 Merlini:
793 2578 935 2618 Semel
974 2577 1018 2617 in
1050 2593 1175 2618 carne
1212 2576 1423 2632 praeputii
1455 2577 1634 2620 circum-

212 2629 316 2682 cisis,
349 2630 451 2686 quid
481 2631 669 2674 invenire
701 2633 834 2688 possit
866 2659 940 2682 —-‚
974 2635 1091 2689 quod
1123 2633 1316 2695 auferat?

329 2699 373 2756 ⁵)
405 2702 537 2745 Deest
566 2703 664 2753 „in“
701 2703 745 2743 in
777 2704 871 2744 cdd.
904 2703 964 2745 M.

326 2770 372 2825 ⁶)
403 2773 491 2814 Jos.
512 2773 563 2823 V,
581 2774 620 2817 9.
641 2801 696 2810 —-
719 2774 995 2816 Edd.Me1-l.:
1029 2773 1157 2815 hodie
1190 2773 1344 2814 abstuli
1376 2790 1397 2814 a
1418 2773 1536 2815 vobis
1563 2785 1637 2816 etc.

329 2840 374 2896 7)
403 2842 516 2884 Edd.
548 2843 743 2885 Merlini:
777 2844 915 2900 placet
945 2842 1063 2885 nihil.
