1788 3111
525 131 971 176 COMMENTARIORUM
1000 132 1090 172 Lm.
1112 131 1163 174 Π.
1496 134 1553 177 95

132 254 325 285 creatura
354 245 504 286 mundi
534 260 612 300 per
641 260 703 293 ea,
732 259 842 299 quae
871 245 980 284 facta
1010 249 1147 294 sunt,“
1178 243 1301 285 etiam
1325 261 1347 286 a
1366 245 1408 301 ¹)
1434 244 1551 287 Gen-

132 320 275 362 tilibus
305 321 460 377 potuit,
489 333 529 363 et
558 322 840 376 „sempiterna
864 320 952 376 ejus
972 320 1099 363 virtus
1119 338 1166 362 ac
1196 322 1439 374 divinitas;“
1472 339 1550 365 vo-

133 399 270 439 luntas
301 414 400 439 vero
432 397 520 453 ejus
548 414 637 438 non
669 396 747 438 nisi
779 413 825 437 ex
854 398 945 450 lege
969 399 1241 451 cognoscitur
1260 410 1300 439 et
1318 399 1548 454 prophetis.

135 475 294 516 Verum
326 475 529 531 quoniam
560 485 600 514 et
631 476 684 515 ad
714 490 915 530 poenam,
944 486 984 514 et
1013 476 1067 516 ad
1098 475 1337 530 praemium
1361 476 1550 519 Judaeos

134 553 340 607 praefert,
380 563 419 592 et
460 550 648 592 Graecos
687 551 909 606 postponit
946 553 1202 607 Apostolus,
1243 553 1548 608 requirendum

134 640 212 678 cst,
253 645 360 683 quos
400 629 467 670 bic
508 626 718 677 Graecos,
759 644 868 683 quos
908 628 1099 670 Judaeos
1132 630 1228 671 velit
1255 630 1442 682 intelligi.
1503 631 1550 672 Si

132 706 228 747 illos
260 705 361 747 dicit
390 705 594 754 Judaeos,
624 705 695 760 qui
727 705 868 747 adhue
896 707 973 747 sub
1003 708 1093 758 lege
1120 718 1238 757 sunt,
1270 718 1309 748 et
1339 709 1393 748 ad
1424 707 1550 749 Chri-

130 795 239 824 stum
270 800 360 824 non
391 783 582 832 veniunt,
613 794 654 823 et
685 780 949 824 Christianos
981 781 1191 832 Graecos,
1221 783 1265 824 id
1297 795 1368 834 est,
1399 784 1473 839 qui
1503 801 1549 825 ex

133 860 342 901 Gentibus
382 861 580 910 credunt,
625 859 790 900 videtur
830 871 980 901 contra
1017 860 1146 902 totius
1185 861 1369 920 mysterii
1406 862 1550 903 venire

128 936 390 978 sententiam.
451 936 690 991 Quomodo
725 937 834 978 enim
867 937 929 978 illi
957 937 1085 992 primi
1120 938 1333 987 dicentur,
1371 940 1424 979 de
1455 939 1548 994 qui-

131 1014 210 1054 bus
241 1013 399 1054 dictum
433 1026 510 1055 cst:
551 1030 674 1063 „ecce
689 1013 735 1068 ²)
777 1025 900 1054 erunt
939 1015 1070 1070 primi
1111 1015 1382 1056 novissimiz“
1423 1027 1462 1056 et
1493 1018 1548 1058 ad

130 1107 238 1146 quos
266 1090 418 1132 iterum
452 1092 571 1132 dicit:
603 1089 787 1146 „ecce³)
818 1090 1082 1145 relinquetur
1103 1092 1221 1133 vobis
1245 1093 1397 1136 domus
1416 1105 1548 1135 vestra

130 1167 355 1209 deserta?“
410 1167 466 1208 Et
503 1167 678 1217 iterum,
717 1184 815 1208 cum
855 1168 1089 1210 accessisset
1128 1170 1181 1209 ad
1220 1171 1350 1211 ficum
1367 1170 1414 1226 ⁴²)
1453 1186 1546 1212 eam

130 1245 348 1295 Salvator,
389 1246 432 1286 in
463 1262 546 1301 qua
576 1262 667 1286 non
695 1245 856 1286 invenit
885 1248 1094 1295 fructum,
1125 1247 1248 1296 dixit,
1280 1247 1378 1302 quia
1408 1266 1547 1297 „nun-

131 1321 320 1376 quam5)
358 1338 405 1362 ex
444 1333 485 1361 te
520 1323 681 1364 fructus
718 1321 1018 1378 nascatur.“⁶)
1088 1323 1145 1364 Et
1185 1326 1271 1365 duo
1311 1325 1466 1380 populi
1502 1326 1544 1367 in

131 1412 250 1440 utero
293 1400 513 1440 Rebeccae
556 1400 905 1451 designabantur,
953 1415 998 1438 ex
1039 1400 1190 1454 quibus
1229 1401 1403 1452 dicitur,
1449 1404 1544 1458 quia

129 1475 294 1533 „major
311 1477 355 1532 ⁷)
386 1477 535 1519 serviet
562 1477 758 1526 minori,“
787 1476 885 1530 εἴθ)
915 1477 1061 1517 minor
1089 1477 1253 1533 accepit
1279 1479 1546 1521 benedictio-

129 1571 226 1595 nem
259 1555 475 1610 primatus.
534 1555 620 1596 Sed
659 1565 698 1594 et
738 1554 818 1594 alia
855 1555 1091 1595 secundum
1122 1555 1206 1595 hoc
1243 1555 1470 1598 innumera
1501 1557 1545 1598 in

128 1631 356 1687 Scripturis
385 1631 581 1673 invenies.
641 1629 688 1672 Si
719 1647 817 1671 vero
837 1631 1025 1671 Judaeos
1054 1647 1146 1681 nos,
1176 1632 1219 1672 id
1242 1643 1312 1682 est,
1342 1632 1544 1675 Christia-

128 1726 207 1750 nos
239 1709 436 1765 appellat,
468 1720 507 1750 et
538 1724 622 1758 eos,
653 1707 791 1763 quiex
811 1708 931 1748 omni
949 1724 1099 1759 genere
1119 1709 1404 1761 crediderunt,
1436 1729 1544 1768 quos

127 1787 217 1842 ipse
246 1786 348 1827 dicit
376 1785 420 1826 in
451 1787 623 1827 occulto
652 1784 917 1840 Judaeos,⁹)
947 1796 1072 1826 restat
1103 1797 1148 1826 ut
1173 1786 1363 1829 Graecos
1396 1787 1544 1831 Genti-

127 1868 185 1906 les
225 1864 323 1906 illos
362 1864 496 1912 dicat,
536 1862 609 1918 qui
646 1863 844 1903 nondum
884 1862 1254 1918 crediderunt.¹⁰)
1316 1865 1403 1907 Sed
1434 1883 1543 1921 quo-

127 1944 262 1983 modo
290 1942 521 1998 Apostolus
550 1951 711 1981 tantam
746 1956 866 1995 spem
900 1939 1107 1982 Gentibus
1136 1943 1334 1982 nondum
1367 1944 1542 1983 creden-

126 2020 234 2061 tibus
275 2019 420 2074 ponit,
461 2033 559 2057 cum
601 2017 876 2059 ecclesiastica
915 2019 1059 2069 regula
1098 2018 1290 2059 videatur
1329 2020 1544 2069 obsistere,

245 2160 288 2213 ¹)
320 2159 448 2199 Deest
477 2162 551 2206 „a“
581 2158 624 2198 in
656 2159 750 2198 edd.
781 2157 841 2196 M.

244 2228 289 2285 ²)
320 2229 472 2269 Matth.
502 2228 602 2277 XX,
632 2228 697 2271 16.
815 2226 860 2283 ³)
892 2227 1042 2268 Matth.
1071 2227 1233 2276 Xtht,
1260 2228 1327 2271 38.

243 2298 288 2353 4)
319 2298 428 2339 Edd.
459 2297 522 2337 M.
551 2308 591 2338 et
619 2297 668 2338 R.
699 2300 778 2347 „ad
811 2299 1037 2339 ficulneam
1072 2298 1306 2339 Salvator.“

243 2370 288 2424 5)
315 2369 467 2410 Matth.
497 2368 616 2417 XXI,
646 2368 710 2411 19.
831 2368 876 2423 6)
907 2368 1017 2409 Edd.
1048 2367 1244 2409 Merlini:
1276 2381 1483 2411 nascetur.

242 2438 286 2495 ⁷)
321 2438 471 2479 Genes.
502 2438 640 2489 XXV,
667 2441 733 2482 23,

241 2510 288 2559 ὅ)
320 2509 390 2550 Sic
421 2509 520 2549 editi
547 2508 740 2564 plerique
770 2521 828 2558 (e.
849 2526 881 2550 c.
913 2510 1007 2551 edd.
1028 2508 1128 2563 M.‚)
1158 2522 1197 2550 et
1225 2509 1280 2550 ita
1311 2511 1538 2561 legendum

127 2566 302 2607 videtui.
349 2569 543 2606 Attamen
566 2581 713 2605 omnes
732 2565 829 2607 Mss.
860 2567 1008 2614 nostri,
1040 2566 1132 2607 alii:
1164 2578 1229 2615 „et
1259 2567 1404 2629 junior
1426 2567 1537 2607 acci-

125 2622 213 2686 pict
241 2621 549 2662 benedictionis
578 2621 837 2676 plimatus;“
867 2623 919 2662 al.
949 2633 1017 2672 „et
1044 2623 1188 2663 minoz
1209 2622 1386 2676 accipiet
1407 2624 1537 2670 bene-

127 2678 323 2719 dictionis
354 2678 638 2740 primatum;“
679 2679 729 2718 al.
758 2690 822 2727 „et
856 2678 1002 2720 minor
1032 2678 1192 2734 accepit
1230 2679 1441 2720 benedicti
1430 2678 1538 2720 -onis

124 2745 339 2788 pinnatus
343 2740 365 2757 “
399 2731 543 2832 {ditio
562 2733 742 2774 Veneta:
774 2745 841 2783 „et
870 2734 1012 2775 minor
1043 2746 1213 2790 accepta
1239 2734 1537 2775 benedictione

124 2791 373 2844 praelatus.“

241 2856 286 2913 ⁹)
317 2858 443 2899 Rom.
472 2858 525 2908 Π,
552 2858 620 2902 29.
744 2858 814 2914 ¹⁰)
845 2860 955 2902 Edd.
985 2859 1179 2901 Merlini:
1214 2859 1443 2901 credidere.
