1788 3111
540 143 984 186 Commnummonnm
1012 146 1103 186 Lm.
1127 145 1179 185 ΙΙ.
1514 149 1566 190 71

148 259 201 298 ad
232 257 414 305 malum,
453 273 541 298 non
572 255 656 313 iam
696 257 857 306 honus,
898 258 1015 311 quod
1045 256 1146 306 suit,
1185 269 1225 298 et
1255 273 1345 299 non
1377 272 1456 310 est,
1493 261 1567 301 scd

146 336 282 374 malus
312 333 592 391 judicabitur,
627 334 744 389 quod
777 343 847 373 cst.
908 334 1037 375 Actus
1068 334 1181 375 enim
1211 335 1295 376 sive
1326 337 1454 386 boui,
1483 337 1568 379 sive

145 411 269 460 mali,
310 423 601 466 praetereunt,
640 411 714 451 sed
753 410 989 450 seeundum
1030 411 1094 451 sui
1131 412 1377 467 qualitatem
1409 415 1566 467 agentis

146 501 330 529 mentem
364 487 657 540 imaginantur,
689 499 729 528 et
759 488 969 538 formant,
1000 505 1180 544 eamque
1211 490 1276 530 vel
1306 491 1563 531 bonamssre-

146 565 358 620 linquunt,
379 565 443 605 vel
466 563 635 613 malam,
654 580 726 604 seu
748 580 925 618 poenae,
944 582 1017 606 seu
1037 566 1234 620 praemiis
1256 568 1562 608 destinandam.

147 642 239 682 Erit
271 658 368 694 ergo
399 640 616 695 iniquum,
659 640 725 681 vel
765 642 926 681 bonam
955 654 1140 683 mentem
1181 660 1261 698 pro
1293 644 1413 685 malis
1445 644 1565 696 gestis

143 717 305 773 puniri,
345 718 408 758 vel
446 717 601 757 malam
641 734 720 772 pro
762 718 886 759 bonis
926 718 1088 760 actibus
1118 719 1346 760 munerari.
1405 721 1566 761 Verum

142 806 189 834 ut
219 795 355 835 adhue
385 793 552 848 planius
583 795 668 843 fiat,
701 797 818 850 qnod
840 795 1030 846 dicimus,
1062 797 1269 838 addamus
1294 797 1419 838 etiam
1440 799 1563 838 haec:

140 886 351 925 ponamus
382 887 468 911 esse
498 871 704 921 animam,
734 871 776 911 in
809 889 892 927 qua
924 872 1084 914 habitet
1114 873 1319 929 impietas,
1351 873 1565 932 injustitia,

143 946 338 997 stultitia,
378 947 564 997 luxuria,
606 959 646 989 et
684 948 916 989 multitudo
958 949 1096 991 onmis
1136 952 1372 1001 malorum,
1412 951 1565 1007 quibus

145 1024 302 1065 seilicet
341 1024 575 1065 ministram
607 1042 650 1066 se
682 1026 972 1081 famulamque
1001 1027 1253 1069 subdiderit.
1314 1028 1484 1083 Quodsi
1522 1028 1566 1067 in

141 1113 272 1143 semet
301 1102 435 1157 ipsam
465 1119 647 1155 regressa
668 1103 710 1158 ¹)
738 1104 840 1143 haee
872 1103 1025 1151 anima,
1056 1103 1202 1159 pietati
1232 1122 1389 1155 rursus,
1421 1117 1462 1146 et
1481 1104 1563 1145 vir—

141 1180 301 1219 tutibus
331 1179 484 1220 mentis
516 1196 615 1220 suae
644 1179 815 1236 januam
845 1181 1019 1235 pandat,
1050 1198 1195 1222 nonne
1220 1182 1404 1236 ingressa
1432 1181 1563 1238 pietas

143 1256 401 1311 impietatem
432 1255 637 1296 continuo
670 1257 888 1311 depellet?
948 1257 1154 1299 Similiter
1185 1271 1225 1300 et
1263 1258 1420 1316 justitia
1450 1257 1562 1315 inju-

141 1332 293 1373 stitiam
322 1333 478 1381 trudet,
510 1344 550 1373 et
580 1332 782 1387 sapientia
805 1334 1039 1384 stultitiam,
1070 1346 1112 1376 et
1131 1335 1334 1376 sobrietas
1354 1335 1563 1376 luxuriam

140 1409 321 1461 fugabit3
361 1421 488 1463 atque
518 1407 573 1448 ita
606 1408 855 1463 depulsis2)
895 1428 941 1451 ex
972 1424 1104 1452 semet
1133 1411 1224 1466 ipsa
1255 1412 1564 1453 habitatoribus

141 1485 343 1535 barbaris,
371 1484 491 1525 civile
512 1496 551 1525 et
573 1483 807 1537 legitimum
829 1486 1050 1529 virtutibus
1076 1488 1299 1544 praebebit
1318 1488 1561 1544 hospitium.

139 1562 377 1616 Quomodo
419 1576 518 1612 ergo
566 1559 651 1617 jam
691 1563 862 1617 plenam
901 1564 1125 1606 virtutibus
1177 1565 1363 1606 animam
1403 1565 1563 1622 justum

137 1638 216 1679 erit
247 1639 300 1678 de
324 1637 386 1677 his
406 1653 593 1689 arguere,
626 1654 734 1692 quae
754 1639 935 1692 gesserit,
967 1658 1063 1681 cum
1084 1643 1281 1682 nondum
1301 1653 1406 1682 esset
1428 1642 1562 1683 amica

136 1716 359 1765 virtutum,
401 1726 440 1754 et
473 1714 526 1754 de
555 1714 770 1770 impietate
801 1715 938 1771 piam,
979 1718 1032 1758 de
1061 1717 1267 1774 injustitia
1298 1716 1474 1774 justam,
1509 1721 1562 1760 de

138 1792 301 1833 luxuria
331 1791 519 1833 sobriam
551 1792 871 1833 condemnare?
932 1794 1027 1834 Hoc
1060 1810 1159 1846 ergo
1197 1797 1331 1858 modo
1374 1795 1562 1850 etiam3)

137 1871 179 1910 in
210 1869 292 1919 his,
333 1885 519 1925 quorum
558 1869 754 1910 remissae
769 1868 815 1923 4)
847 1881 944 1910 sunt
982 1870 1245 1926 iniquitates,
1294 1884 1334 1913 et
1374 1889 1561 1928 quorum

138 1958 243 1987 tecta
275 1958 373 1987 sunt
402 1957 597 2001 peccata,
630 1947 869 1989 credendus
901 1960 962 1989 est
992 1948 1111 1990 Deus
1142 1950 1377 1990 secundum
1409 1948 1558 1990 veritah

138 2036 220 2064 tem
251 2039 416 2064 servare
444 2020 665 2078 judicium.

245 2101 284 2141 2.
326 2098 633 2153 „Existimas⁵)
667 2112 808 2140 autem
840 2101 944 2149 hoe,
977 2116 1001 2140 ο
1034 2102 1167 2141 homo
1201 2102 1359 2152 omnis,
1390 2102 1462 2157 qui
1494 2101 1558 2158 ju-

137 2176 249 2216 dicas
281 2192 374 2224 eos,
417 2175 488 2230 qui
520 2175 618 2216 talia
650 2188 802 2229 agunt,
843 2187 884 2215 et
914 2175 1014 2216 facis
1045 2176 1138 2226 illa,
1179 2178 1276 2231 quia
1308 2190 1354 2219 tu
1386 2179 1559 2230 effugies

136 2251 342 2308 judicium
373 2251 523 2294 Dei?“
567 2252 613 2294 Si
645 2252 801 2303 omnia,
835 2268 943 2307 quae
972 2253 1038 2293 lex
1068 2252 1274 2308 loquitur,
1303 2255 1380 2305 his,
1412 2255 1483 2312 qui
1514 2255 1558 2295 iu

256 2434 295 2487 ¹)
327 2433 432 2473 NIsc.
462 2433 560 2486 Reg.
582 2451 699 2475 num.
734 2435 855 2478 1639.
886 2434 1124 2486 „reversa“;
1153 2435 1259 2476 alter
1280 2436 1555 2477 Vallis-Cla-

136 2508 223 2540 rae,
263 2501 302 2530 et
335 2489 659 2531 Genebrardus:
700 2491 948 2543 „iug1·essa.“
1008 2491 1175 2534 Caeteri
1216 2493 1342 2543 Mss.,
1385 2504 1426 2533 et
1456 2492 1557 2534 editi

135 2546 192 2600 (e.
227 2563 258 2586 c.
290 2547 385 2587 edd.
413 2545 520 2599 ΜΛ)
552 2553 802 2599 ‚,regressa.“
832 2549 884 2589 B.

252 2617 298 2671 ²)
328 2616 439 2656 Edd.
470 2615 665 2658 NIerlini:
711 2617 896 2673 depulsis
940 2618 1249 2660 habitatoribus
1286 2618 1477 2659 barbaris
1508 2637 1555 2659 ex

135 2684 265 2713 semet
293 2672 383 2728 ipsa
413 2683 489 2712 etc.

252 2741 300 2795 ³)
329 2742 439 2782 Edd.
470 2742 666 2783 Merlini:
706 2744 801 2785 Hoc
845 2760 942 2797 ergo
984 2746 1116 2786 modo
1155 2743 1200 2784 in
1239 2745 1323 2795 his,
1370 2762 1553 2801 quorum

138 2809 260 2839 etlam
292 2814 487 2838 remissae
517 2811 614 2839 sunt
645 2811 719 2840 etc.

254 2866 299 2921 ⁴)
330 2867 482 2908 Psalm.
516 2869 696 2918 XXXu,
728 2870 763 2910 1.
796 2870 1009 2925 (XXXI)
1129 2871 1174 2925 ⁵)
1205 2870 1330 2912 Rom.
1362 2871 1415 2918 Π,
1448 2871 1486 2913 3.
