1788 3111
213 113 270 156 62
553 112 777 157 Omcnms
805 125 854 157 m
881 114 958 156 ΕΡ.
989 125 1047 156 An
1080 114 1304 158 ROMANos

211 242 322 283 pora
345 242 421 268 sua
449 225 494 267 in
514 226 558 284 ι>
585 238 717 269 semet
745 227 885 284 ipsis.“
944 228 1170 271 Secundae
1199 229 1438 272 traditionis
1469 247 1639 276 causam

210 304 378 345 videtur
417 304 709 360 praemittere,
749 323 845 347 cum
879 305 998 356 dicit,
1039 306 1139 362 quia
1178 319 1576 356 „commutaverunt
1592 311 1638 366 ²)

210 382 428 423 veritatem
459 382 544 423 Dei
572 383 617 423 in
649 382 944 433 mendacium,
982 395 1021 425 et
1054 384 1303 434 coluerunt,
1339 396 1379 425 et
1406 387 1641 428 servierunt

213 471 430 500 creaturae
447 459 602 514 potius,
624 477 753 515 quam
777 460 983 502 Creatori.
1024 461 1271 516 Propterea,
1289 461 1334 517 ³)
1365 462 1434 513 ait,
1464 463 1639 505 tradidit

209 536 307 577 illos
336 536 453 578 Deus
483 536 527 577 in
557 537 772 592 passiones
801 537 1101 589 ignominiae.“
1148 538 1271 592 Quae
1293 551 1436 581 tamen
1451 542 1635 583 secunda

209 612 381 655 traditio
424 614 688 665 gravioribus
725 615 889 666 flagitiis
922 615 1089 657 videtur
1117 618 1317 659 obnoxia.
1374 617 1573 667 „Etenim
1590 617 1637 673 4)

208 691 407 740 feminae,
436 691 593 747 inquit,
626 709 776 733 eorum
807 693 1140 735 immutaverunt
1170 696 1406 736 naturalem
1437 711 1561 736 usum
1590 695 1636 736 in

209 784 308 808 eum
337 784 485 816 usum,
517 769 589 823 qui
609 769 652 824 5)
685 781 745 811 est
776 783 926 812 contra
955 782 1164 812 naturam.
1223 772 1427 814 Sitniliter
1457 783 1497 813 et
1525 788 1637 814 mas·-

209 845 312 895 culi,
354 846 503 886 relicto
534 847 719 888 naturali
758 865 838 890 usu
865 849 1068 898 feminae,
1109 850 1410 903 exarserunt6)
1449 850 1495 891 in
1526 847 1636 890 desi-

208 922 332 963 deriis
361 923 444 964 suis
477 922 521 963 in
549 923 753 975 invicem,
792 926 968 968 masculi
1005 927 1051 968 in
1081 929 1292 970 masculos
1323 926 1633 983 turpitudinem

209 1010 457 1056 operantes,
499 1013 539 1041 et
575 1004 839 1053 mercedem,
881 1020 1009 1058 quam
1049 1006 1263 1060 oportuit,
1295 1004 1450 1047 erroris
1481 1008 1545 1046 sui
1587 1004 1632 1046 in

205 1090 337 1119 semet
373 1079 472 1134 ipsis
502 1078 793 1134 recipientes.“
851 1080 1021 1123 Tertiae
1050 1099 1224 1139 quoque
1259 1083 1501 1125 traditionis
1533 1100 1633 1123 cau-

205 1173 268 1197 sas
299 1156 465 1197 videtur
497 1157 611 1206 dare,
642 1174 738 1198 cum
772 1157 893 1200 dicit:
923 1170 991 1208 „et
1009 1158 1054 1215 ⁷)
1084 1161 1191 1202 sicut
1219 1178 1308 1202 non
1340 1162 1632 1217 probaverunt

204 1233 350 1274 Deum
381 1234 540 1275 habere
568 1234 674 1287 ins)
703 1235 879 1285 notitia,
916 1237 1090 1278 tradidit
1124 1237 1224 1280 illos
1254 1238 1373 1279 Deus
1403 1237 1449 1279 in
1478 1254 1631 1293 repro-

201 1311 308 1352 bum
336 1328 529 1361 sensum,
559 1323 606 1353 ut
636 1312 794 1353 faciant
825 1329 892 1362 ea,
931 1330 1040 1369 quae
1068 1332 1159 1355 non
1191 1315 1462 1365 conveniunt,
1491 1316 1632 1371 reple-

202 1387 320 1443 tos9)
344 1389 465 1429 omni
485 1387 719 1444 iniquitate,
749 1390 951 1440 malitia,“
979 1391 1238 1446 caeterisque
1258 1393 1500 1444 sceleribus,
1520 1409 1631 1449 quae

203 1478 513 1522 consequenter
554 1479 786 1510 enumerat.
849 1468 1014 1510 Verum
1056 1469 1345 1512 distinctiones
1383 1469 1487 1513 istae
1529 1487 1631 1512 cau-

199 1561 343 1585 sarum
381 1560 473 1585 non
511 1543 617 1585 mihi
655 1544 853 1586 videntur
890 1546 987 1588 satis
1030 1563 1266 1600 congruere
1307 1548 1361 1590 ad
1406 1564 1476 1598 ea,
1519 1564 1630 1603 quae

198 1620 371 1672 singulis
403 1620 642 1677 quibusque
675 1621 929 1680 objectam)
966 1636 1084 1675 sunt,
1123 1624 1312 1667 crimina.
1384 1624 1625 1683 Quomodo

201 1696 316 1738 enim
346 1697 608 1752 turpioribus
638 1698 802 1750 flagitiis
831 1700 1014 1742 traditur
1042 1701 1098 1752 is,
1139 1702 1210 1757 qui
1244 1714 1462 1743 creaturae
1489 1703 1628 1753 servit,

198 1773 331 1825 magis
362 1791 491 1830 quarn
522 1775 606 1825 ille,
637 1776 710 1831 qui
746 1777 924 1829 gloriam
955 1778 1292 1835 incorruptibilis
1321 1780 1405 1821 Dei
1434 1780 1480 1822 in
1508 1780 1628 1822 simi-

318 1934 361 1990 ¹)
391 1936 558 1978 Desunt
587 1938 736 1979 verba:
767 1938 837 1989 „in
865 1950 998 1980 semet
1024 1939 1150 1997 ipsis“
1177 1940 1221 1982 in
1255 1942 1350 1983 edd.
1380 1941 1567 1984 Merlini.

314 2006 360 2062 2)
391 2008 518 2048 Rom.
550 2009 581 2056 Ῐ,
609 2010 677 2051 25.
708 2010 774 2052 26.

314 2077 360 2132 3)
391 2077 502 2126 Edd.
534 2079 728 2120 Merlini:
766 2080 949 2136 Propter
980 2080 1076 2130 hoc,
1109 2081 1175 2121 ait.

311 2148 357 2203 ⁴)
390 2149 515 2190 Rom.
547 2150 578 2198 I,
608 2151 674 2193 26.
705 2152 772 2193 27.
800 2178 845 2182 -—
874 2152 955 2193 Ed.
977 2151 1036 2192 Μ.
1058 2153 1086 2192 Ι.
1107 2153 1238 2192 male:
1270 2153 1466 2202 „Etenim
1490 2155 1620 2197 finem

197 2220 368 2253 corum,
400 2206 574 2262 inquit“
606 2219 704 2257 etc„
736 2209 799 2249 ed.
830 2208 892 2249 M.
922 2209 983 2250 II:
1013 2209 1210 2259 „Etenim
1241 2211 1426 2252 feminae
1457 2227 1623 2261 eorum,

194 2260 364 2316 inquit“
401 2274 473 2304 etc.

313 2330 357 2384 ⁵)
388 2330 467 2371 Ed.
499 2331 558 2372 Μ.
590 2332 619 2374 l.
651 2334 781 2374 male:
823 2351 966 2390 „quac
1006 2346 1065 2377 cst
1105 2347 1215 2377 extra
1257 2341 1511 2385 naturam,“
1554 2339 1618 2378 ed.

195 2383 348 2435 Ruaei,
378 2389 450 2428 csr.
482 2405 523 2442 p.
553 2390 619 2432 60.
650 2401 738 2432 not.
771 2392 835 2432 11.
867 2391 966 2448 „qui
999 2404 1109 2433 extra
1140 2405 1336 2433 naturam
1371 2400 1467 2435 est.“

310 2456 357 2512 ⁶)
388 2457 466 2500 Ed.
500 2458 547 2500 R.
581 2459 663 2499 hoc
696 2476 881 2525 quoque·
901 2463 1015 2524 loco,
1049 2464 1121 2503 csr.
1155 2480 1193 2516 p.
1217 2465 1281 2506 60.
1312 2475 1402 2504 not.
1426 2465 1491 2508 12.
1522 2481 1619 2514 „ac-

195 2513 306 2554 censi
335 2514 499 2555 suntin
532 2516 787 2557 desiderium
818 2534 882 2557 sui
911 2535 954 2558 m
985 2519 1202 2560 invice111.“

312 2584 355 2640 ⁷)
387 2585 514 2627 Rom.
545 2586 576 2634 l,
605 2587 673 2629 28.
703 2603 818 2642 seqq.

311 2654 356 2709 ⁸)
389 2654 476 2696 Csr.
508 2674 600 2712 pag.
630 2658 696 2700 61.
728 2670 816 2699 not.
850 2662 884 2702 1.

309 2724 354 2779 ⁹)
385 2726 497 2767 Edd.
530 2727 724 2769 Merlini:
756 2728 917 2784 repleti.
980 2727 1066 2769 Csr.
1097 2745 1137 2784 p.
1169 2729 1233 2771 61.
1264 2741 1350 2770 not.
1381 2731 1418 2771 2.

282 2795 353 2847 ¹⁰)
384 2795 463 2838 Ed.
497 2797 544 2838 R.
577 2798 619 2839 in
650 2810 784 2839 textu:
817 2797 1070 2857 „subjecta“,
1098 2799 1141 2841 in
1173 2802 1303 2843 notis:
1337 2801 1461 2851 „editi
1493 2803 1550 2858 (c.
1583 2820 1616 2844 c.

192 2853 287 2893 edd.
319 2852 425 2907 M.):
459 2853 683 2910 objecta.“
714 2855 764 2896 R.
