1788 3111
532 79 971 122 COMMENTARIORUM
999 78 1089 119 Lm.
1120 76 1172 118 II.
1475 80 1557 123 105

148 192 287 235 cordis
318 192 539 234 obliterata
569 193 613 233 in
644 209 694 233 eo
729 191 920 233 videatur
949 202 988 230 et
1017 189 1197 239 abolita,
1233 191 1285 231 de
1314 190 1391 231 isto
1421 201 1560 245 potest

145 269 278 311 videri
311 270 484 320 dictum,
515 271 632 325 quod
661 269 750 310 sine
778 269 869 319 lege
891 278 1056 322 pereat:
1086 265 1339 324 judicandus
1357 283 1457 308 vero
1481 283 1559 329 per

142 347 277 398 legem
322 346 485 387 dicatur
524 346 578 395 is,
618 344 690 400 qui
729 346 806 386 sub
846 345 936 395 lege
974 344 1090 392 vivit,
1130 344 1228 399 quia
1259 355 1298 383 et
1330 345 1559 399 Apostolus

147 435 406 465 contestatur
433 438 604 464 omnem
628 422 1000 463 circumcidentem
1022 420 1065 476 ¹)
1094 437 1150 468 se,
1180 421 1297 475 quod
1315 419 1360 475 ²)
1392 420 1561 463 debitor

144 498 195 541 sit
225 500 443 541 universae
473 498 613 550 legi3}
642 498 874 538 faciendae.

257 577 295 618 9.
341 575 479 626 „Cum
500 575 544 631 4)
586 575 698 615 enim
734 574 907 624 Gentes,
953 590 1059 629 quae
1096 575 1229 628 legem
1269 591 1359 615 non
1390 576 1561 626 habent,

145 653 393 695 naturaliter
423 668 531 708 quae
569 652 669 703 legis
698 664 794 694 sunt
833 653 1012 693 faciunt:
1055 651 1154 705 hi5)
1197 653 1330 703 legem
1362 669 1452 694 non
1485 654 1560 694 ha-

144 731 304 779 bentes,
331 730 411 785 ipsi
439 729 518 770 sibi
547 742 644 772 sunt
664 731 748 770 lex:
781 729 853 784 qui
874 730 1100 769 ostendunt
1118 745 1223 784 opus
1240 730 1339 781 Iegis
1354 731 1558 786 scriptum

143 807 188 847 in
237 806 436 847 cordibus
478 806 583 856 suis,
627 806 915 847 testimonium
960 807 1163 846 reddente
1207 806 1254 846 iis
1302 807 1561 849 conscientia

143 882 411 939 ipsorum‚⁶)
455 894 492 923 et
520 883 630 923 inter
661 900 704 923 se
732 883 911 923 invicem
946 882 1326 938 cogitationibus7)
1359 902 1561 926 accusan-

142 959 266 1009 tibus,
296 971 367 1001 aut
396 959 519 1001 etiam
554 960 890 1009 defendentibus,
920 960 964 1000 in
988 959 1067 1022 die,
1101 977 1196 1000 cum
1219 959 1424 1016 judicabit
1443 962 1561 1004 Deus

145 1037 313 1078 occulta
342 1036 591 1087 hominurn,
622 1039 857 1078 secundum
891 1053 990 1077 evan
1023 1028 1150 1094 elium
1181 1053 1350 1087 meum,
1380 1055 1460 1094 per
1488 1038 1562 1080 Je-

142 1131 236 1156 sum
269 1113 522 1156 Christum.“
581 1113 753 1154 Certum
795 1125 872 1162 est,
913 1130 968 1169 qu
1064 1113 1241 1164 Gentes,
1282 1131 1390 1169 quae
1425 1117 1560 1167 legem

141 1208 232 1232 non
263 1191 443 1240 habent,
472 1191 741 1240 naturaliter,
775 1208 883 1246 quae
911 1190 1008 1242 legis
1038 1202 1154 1239 sunt,
1190 1192 1329 1233 facere
1358 1209 1446 1233 non
1479 1210 1559 1248 pro

144 1268 326 1309 sabbatis
365 1270 430 1308 vel
467 1267 703 1308 neomeniis
740 1267 956 1316 dicantur,
997 1269 1059 1307 vel
1096 1267 1329 1318 sacrificiis,
1370 1286 1478 1324 quae
1514 1271 1561 1311 in

144 1346 234 1395 lege
262 1345 417 1399 scripta
457 1355 564 1385 sunt.
623 1344 723 1384 Non
755 1345 867 1384 enim
905 1345 1009 1384 haec
1041 1345 1103 1385 lex
1132 1344 1176 1384 in
1210 1347 1410 1387 cordibus
1444 1346 1561 1387 Gen-

145 1421 250 1462 tium
281 1421 436 1476 scripta
469 1419 606 1475 est:⁸)
645 1422 717 1461 sed
745 1421 828 1460 hoc
861 1433 938 1470 est,
980 1423 1098 1476 quod
1134 1422 1287 1463 sentire
1315 1425 1562 1465 naturaliter

143 1509 340 1553 possunt:
378 1497 495 1537 verbi
526 1497 674 1548 gratia,
704 1514 760 1536 ne
790 1497 1091 1547 homicidium,
1123 1514 1177 1538 ne
1210 1500 1464 1541 adulterium
1499 1503 1562 1542 fa-

145 1573 269 1623 ciant,
297 1590 353 1614 ne
382 1575 588 1622 furentur,
622 1589 677 1614 ne
706 1575 858 1614 falsum
887 1574 1176 1615 testimonium
1209 1576 1371 1628 dicant3
1404 1589 1451 1618 ut
1480 1579 1561 1618 ho-

143 1662 298 1691 norent
326 1661 491 1704 patrem
524 1662 562 1690 et
592 1662 782 1699 matrem,
815 1662 853 1691 et
885 1651 1040 1691 horum
1071 1651 1234 1694 similia.
1293 1652 1499 1695 Fortassis
1522 1665 1561 1695 et

143 1729 262 1783 quod
303 1727 421 1768 Deus
461 1744 571 1767 unus
611 1739 776 1768 creator
813 1727 864 1769 sit
905 1729 1118 1777 omnium,
1164 1729 1366 1784 scriptum
1414 1742 1473 1771 est
1514 1731 1559 1772 in

143 1805 346 1846 cordibus
371 1803 586 1845 Gentium.
630 1804 765 1857 Magis
794 1817 934 1846 tamen
956 1806 1063 1847 mihi
1081 1806 1276 1847 videntur
1304 1807 1421 1856 haec,
1451 1824 1560 1863 quae

142 1881 186 1922 in
219 1883 350 1923 corde
380 1881 535 1936 scripta
566 1881 776 1929 dicuntur,
807 1899 903 1923 cum
937 1881 1182 1934 evangelicis
1211 1883 1371 1936 legibus
1404 1903 1558 1926 conve-

142 1958 260 2008 nire,
304 1959 379 2000 ubi
430 1969 580 1999 cuncta
628 1960 679 1999 ad
728 1960 962 1999 naturalem
1011 1960 1252 2001 referuntur
1292 1962 1557 2016 aequitatem.

145 2034 264 2087 Quid
301 2035 411 2076 enim
443 2035 500 2076 ita
529 2035 793 2077 naturalibus
823 2035 1010 2077 sensibus
1039 2036 1305 2091 proximum,
1340 2055 1468 2093 quam
1498 2052 1558 2090 ut,

262 2159 305 2215 ¹)
339 2159 475 2201 Galat.
505 2161 555 2209 V,
585 2162 623 2204 3.

259 2229 305 2285 ²)
336 2230 416 2271 Ed.
446 2231 507 2272 M.
539 2231 576 2272 l:
610 2231 734 2287 „quia
766 2231 937 2272 debitor
964 2231 1052 2283 sit“,
1082 2235 1145 2274 ed.
1179 2234 1239 2275 M.
1270 2234 1329 2274 II:
1362 2236 1556 2285 „debito-

101 2314 105 2317 <
141 2302 231 2328 rem
271 2292 394 2328 esse.“

259 2355 306 2412 3)
336 2357 415 2398 Ed.
447 2357 604 2398 Ruaei:
633 2357 745 2407 legis.
863 2357 908 2413 ¹²)
939 2358 1065 2400 Rom.
1096 2358 1148 2408 H,
1179 2361 1243 2404 14.
1275 2363 1339 2404 15.

259 2426 303 2481 ⁵)
333 2426 449 2468 Editi
479 2428 538 2482 (e.
571 2445 604 2468 c.
636 2429 731 2468 edd.
762 2428 871 2483 M.):
901 2428 1176 2485 ‚,cjusmodi.“
1209 2431 1257 2471 R.

259 2497 305 2552 ⁶)
335 2497 464 2537 Deest
494 2501 738 2553 „ipsorum“
767 2498 811 2539 in
841 2509 952 2540 textu
977 2501 1037 2542 ed.
1065 2499 1210 2546 Ruaei,
1244 2503 1389 2542 eadem
1413 2514 1553 2544 tamen

143 2554 187 2595 in
220 2555 347 2595 notis:
377 2553 504 2604 „editi
537 2554 596 2610 (e.
629 2572 661 2595 c.
695 2556 789 2595 edd.
819 2554 926 2606 M.):
958 2558 1244 2597 conscientia
1279 2559 1520 2613 ip.›·ormn.“

258 2622 303 2678 ⁷)
333 2623 449 2666 Editi
479 2626 538 2678 (e.
571 2642 604 2665 c.
634 2625 854 2672 edd.M.⁸):
885 2627 1216 2677 „cogitationum
1249 2629 1551 2678 accusantium,

141 2691 212 2721 aut
242 2681 365 2722 etiam
397 2681 756 2727 defendentium‚“
792 2682 841 2723 R.

256 2749 302 2806 Β)
331 2751 402 2791 Sic
438 2763 550 2792 recte
579 2752 676 2794 Mss.
708 2754 794 2793 duo
827 2752 955 2803 Regii.
1019 2752 1183 2794 Caeteri
1213 2770 1335 2804 vero,
1375 2767 1413 2796 et
1449 2755 1549 2797 editi

140 2806 197 2860 (e.
230 2823 262 2847 c.
297 2807 390 2848 edd.
421 2807 524 2861 M.):
554 2807 734 2857 „dieitur
762 2808 956 2864 scripta.“
988 2809 1035 2849 R.
