1788 3111
270 117 300 158 2
636 112 859 155 Omessms
891 112 1334 156 Commnurfflioaum

269 226 512 283 sapientiae,
544 226 703 282 quique
732 226 972 277 „illuminat
996 225 1037 283 ¹)
1070 242 1244 267 omnem
1273 223 1493 266 hominem
1525 224 1696 267 venien-

273 318 355 346 tem
394 305 439 345 in
478 306 591 345 hunc
621 305 889 353 mundum,“
928 315 975 343 ut
1016 303 1164 356 dignos
1203 320 1282 344 nos
1319 303 1459 343 facere
1498 302 1696 355 dignetur

268 382 502 435 intelligere
525 381 571 439 2)
607 382 854 438 parabolas,
897 392 938 421 et
977 381 1182 421 obscuros
1220 395 1456 429 sermoneS,
1498 379 1695 435 dictaque

269 459 521 514 sapientium
555 470 595 499 et
625 458 872 512 aenigmata,
903 458 958 498 ita
991 459 1164 497 demum
1199 456 1503 512 explanationis
1535 457 1692 513 episto-

268 537 333 577 lae
352 536 397 593 3)
429 537 553 578 Pauli
571 538 624 577 ad
645 537 867 577 Romanos
900 534 1193 587 contingemus
1225 534 1460 583 exordium,
1489 534 1691 589 praemit.-

268 626 402 655 tentes
433 615 555 663 haec,
589 630 696 669 quae
723 615 775 654 ab
808 612 1007 654 studiosis
1040 611 1255 653 observari
1285 612 1445 662 solent,
1482 612 1601 667 quod
1630 611 1692 651 vi-

269 692 395 732 detur
418 691 648 747 Apostolus
678 690 722 732 in
754 692 832 732 hac
864 689 1040 745 epistola
1071 689 1302 745 perfectior
1319 689 1459 738 fuisse,
1492 705 1620 744 quam
1646 687 1693 729 in

266 769 453 811 caeteris.
522 768 694 810 Etenim
737 785 832 808 cum
873 767 1056 823 primam
1096 767 1149 806 ad
1193 765 1438 807 Corinthios
1478 765 1692 814 scriberet,

267 859 356 889 erat
388 846 561 902 quidem
591 845 636 886 in
665 844 827 897 magnis
864 843 1152 900 profectibus;
1193 842 1357 899 aliquid
1394 853 1538 883 tamen
1570 845 1623 884 de
1644 843 1690 897 4)

265 941 308 965 se
338 924 454 965 velut
482 924 760 964 nutabundus
792 921 1021 977 eloquitur,
1053 939 1149 963 cum
1173 920 1295 962 dicit:
1324 919 1487 977 „sed⁵)
1518 938 1689 963 macero

265 1019 420 1058 corpus
460 1019 626 1052 meum,
667 1012 707 1041 et
738 999 928 1042 servituti
958 998 1160 1057 subjicio,
1201 1015 1257 1039 ne
1294 999 1426 1049 forte,
1471 1015 1569 1039 cum
1600 998 1691 1040 aliis

262 1079 607 1136 praedicaverim,
639 1077 728 1134 ipse
760 1078 969 1133 reprobus
1002 1077 1202 1118 efficiar.“
1261 1077 1348 1117 Sed
1381 1087 1422 1116 et
1450 1076 1505 1116 ad
1523 1075 1688 1133 Philip-

261 1173 411 1212 penses
452 1157 658 1206 scribens,
702 1155 907 1212 quiddam
948 1153 992 1194 in
1021 1171 1066 1195 se
1105 1154 1244 1194 minus
1277 1154 1415 1194 adhuc
1448 1169 1534 1194 esse
1563 1153 1691 1204 illius,

263 1251 392 1290 quam
423 1247 570 1290 postea
602 1245 812 1275 assecutus
836 1243 908 1282 est,
939 1231 1213 1287 perfectionis
1241 1231 1437 1281 ostendit,
1469 1248 1566 1272 eum
1589 1230 1690 1271 dicit

261 1311 525 1352 conformari
543 1309 588 1367 6)
621 1328 664 1353 se
693 1310 825 1352 morti
859 1308 1037 1359 Christi,
1067 1308 1101 1350 si
1133 1325 1219 1365 quo
1251 1308 1385 1349 modo
1419 1319 1615 1348 occurrat
1643 1307 1688 1348 in

259 1387 636 1439 resurrectionem,
682 1405 790 1444 quae
832 1400 892 1429 est
922 1404 945 1428 a
976 1385 1170 1427 mortuis.
1228 1387 1329 1427 Non
1363 1384 1476 1425 enim
1507 1384 1686 1426 diceret:

256 1466 318 1517 „si
351 1483 436 1522 quo
469 1467 645 1515 modo,“
677 1464 711 1506 si
743 1465 780 1506 ei
810 1463 895 1522 jam
915 1477 1018 1505 tunc
1036 1462 1080 1519 ⁷)
1112 1479 1178 1503 res
1198 1461 1438 1503 indubitata
1458 1461 1684 1504 videretur.

257 1545 345 1585 Sed
377 1555 418 1584 et
455 1543 500 1584 in
532 1542 893 1598 consequentibus
936 1540 1127 1599 ejusdem
1169 1539 1372 1595 epistolae
1403 1540 1506 1581 haec
1537 1541 1686 1580 eadem

256 1621 463 1671 ostendit,
505 1637 604 1662 cum
644 1619 765 1660 dicit:
805 1619 984 1673 „non⁸)
1028 1617 1146 1674 quod
1185 1615 1562 1677 jambconsecutus
1593 1617 1685 1667 sim,

254 1710 327 1739 aut
355 1697 442 1756 jam
472 1699 687 1754 perfectus
718 1696 817 1747 sim3
849 1712 1018 1754 ,sequor
1056 1706 1198 1735 autem
1227 1705 1276 1733 ut
1306 1695 1684 1750 comprehendam,

251 1775 296 1817 in
329 1792 414 1831 quo
449 1787 489 1816 et
520 1775 851 1831 comprehensus
882 1790 977 1814 sum
1008 1789 1030 1813 a
1064 1772 1244 1813 Christo.
1289 1771 1473 1822 Fratres,
1505 1788 1582 1825 ego
1612 1789 1683 1814 me

251 1852 341 1908 ipse
358 1852 402 1908 9)
440 1869 531 1893 non
563 1852 751 1893 arbitror
789 1850 1157 1907 apprehendisse.“
1227 1849 1397 1904 Quodsi
1439 1849 1530 1905 quis
1560 1862 1684 1906 putat

249 1943 327 1985 per
356 1929 639 1971 humilitatem
671 1929 854 1979 dictum,
894 1929 1033 1970 videat
1061 1929 1106 1970 in
1139 1926 1520 1983 consequentibus,
1554 1944 1682 1983 quam

248 2023 400 2059 magna
461 2008 514 2048 (le
568 2006 832 2063 profectibus
883 2005 967 2047 suis
1015 2017 1247 2054 memoret,
1276 2004 1348 2059 10)
1410 2021 1508 2045 eum
1555 2004 1678 2046 dicit:

249 2102 410 2134 „unum
430 2085 440 2108 ¹
460 2085 501 2139 ¹)
532 2097 687 2135 autern,
720 2101 767 2126 ea
791 2083 977 2141 quidem,
1000 2100 1108 2141 quae
1132 2095 1247 2124 retro
1269 2093 1380 2131 sunt,
1414 2081 1680 2132 obliviscens,

367 2204 410 2258 ¹)
442 2205 518 2244 Ev.
549 2204 708 2245 Joann.
739 2205 772 2253 Ῐ,
802 2203 841 2245 9.
962 2202 1010 2255 ²)
1041 2202 1168 2242 Prot.
1200 2201 1233 2248 Ϊ,
1265 2202 1304 2243 6.

362 2275 407 2329 3)
438 2275 570 2314 Deest
592 2275 849 2330 ,‚epistolae“
874 2274 917 2315 in
941 2273 1035 2314 edd.
1067 2277 1125 2326 (e.
1147 2287 1180 2311 c.
1199 2270 1243 2310 in
1263 2272 1358 2311 edd.
1379 2270 1591 2324 Merlini).
1626 2271 1676 2312 R.

363 2342 408 2398 4)
443 2343 510 2384 Sic
544 2344 645 2385 Mss.
677 2344 883 2400 plerique.
933 2341 1051 2385 Editi
1082 2356 1181 2380 vero
1217 2341 1273 2396 (e.
1293 2358 1326 2380 c.
1346 2339 1676 2393 edd.Merlini)‚

244 2411 284 2441 et
314 2401 420 2442 'Mstn
454 2400 606 2452 Regius
638 2418 754 2441 uum.
789 2401 910 2443 1639.
961 2400 1043 2447 „de
1073 2398 1243 2438 sacculo
1277 2408 1321 2436 ut
1355 2398 1675 2438 nutabundus.“

242 2457 371 2498 Male.
402 2458 452 2498 R.
567 2457 610 2509 ⁵)
644 2459 662 2498 I
690 2457 787 2498 Cor.
820 2458 894 2506 IX,
927 2458 993 2497 27.
1112 2453 1157 2506 6)
1190 2453 1372 2508 Philipp.
1406 2454 1481 2503 III,
1515 2456 1581 2500 10.
1609 2454 1672 2498 11·

360 2527 406 2582 ⁷)
437 2527 719 2569 Desideratm-
749 2532 903 2577 „tunc“
937 2526 980 2567 in
1013 2526 1110 2566 edd.
1142 2523 1330 2566 lsserlini.

357 2598 403 2653 ⁸)
434 2597 619 2654 Philipp.
642 2599 718 2647 ΙΙΙ,
751 2599 814 2639 12.
849 2599 914 2640 13.

359 2667 404 2723 ⁹)
436 2669 497 2709 Ita
538 2669 728 2723 potiores
766 2669 867 2709 Mss.
910 2680 951 2709 et
989 2667 1090 2708 editi
1143 2666 1202 2724 (v.
1246 2683 1278 2707 c.
1321 2666 1417 2706 cdd.
1457 2663 1670 2716 Merlini).

238 2725 338 2766 Mss.
358 2741 457 2766 vero
481 2725 646 2782 aliquot
665 2724 868 2766 omittunt
897 2724 1052 2781 „ipse“‚
1087 2736 1127 2765 et
1145 2735 1293 2779 postca
1315 2723 1494 2763 habent:
1530 2737 1668 2772 „non-

238 2782 341 2823 dum
373 2781 559 2823 arbitror
590 2782 1006 2838 comprehendissc.“
1036 2782 1088 2823 R.

300 2851 368 2905 ¹⁰)
399 2852 477 2895 Ed.
510 2852 667 2895 Buaei:
702 2865 925 2900 memorat,
1053 2851 1124 2907 1“)
1156 2849 1344 2908 Philipp.
1376 2850 1452 2900 ῘΙῘ,
1475 2849 1541 2893 13.
1572 2848 1638 2894 14.
