1788 3111
497 121 938 164 COMMENTAmORUM
967 117 1060 160 Lm.
1085 117 1160 159 111.
1453 118 1535 163 201

123 251 222 278 cum
250 233 480 276 insolubile
509 235 576 284 fit,
605 249 683 274 nec
714 231 854 287 aliqua
884 230 1017 287 possit
1046 230 1212 271 ratione
1241 229 1441 279 convelli,
1473 229 1537 271 di-

123 313 308 354 cendum
339 323 419 362 est,
457 310 657 369 justitiam
689 308 862 364 quidem
903 308 987 348 Dei
1026 307 1284 348 manifestari
1314 324 1337 348 a
1370 305 1537 348 ChriSto

123 390 249 440 Jesu,
289 391 520 446 praebente
551 387 588 429 ei
618 385 905 428 testimonium
935 402 1024 426 non
1062 386 1154 438 lege
1192 396 1391 434 naturae,
1433 399 1542 439 quae

125 469 264 508 adhuc
296 480 356 508 est
399 466 545 522 utique
591 463 735 516 exigua
777 474 816 504 et
846 480 996 519 parva,
1041 463 1115 503 sed
1145 463 1236 514 lege
1264 461 1420 502 Musis:
1450 477 1542 502 non

127 561 188 595 ea,
222 560 328 600 quae
357 543 591 585 secundum
619 540 809 589 literam,
840 541 914 582 sed
946 556 1054 596 quae
1083 540 1318 580 secundum
1348 538 1543 594 spiritum

127 634 199 672 est,
236 623 288 662 de
319 637 400 676 qua
429 619 543 660 idem
574 617 675 658 dicit
705 618 959 672 Apostolus:
1020 616 1206 672 ‚,quia¹)
1250 616 1317 656 lex
1347 615 1542 670 spiritua-

125 697 176 739 lis
210 703 307 739 est.“
365 695 569 738 Similiter
609 706 748 735 autem
790 707 830 735 et
858 695 1093 750 prophetae
1121 710 1200 749 per
1237 709 1356 742 cum,
1397 692 1470 748 qui
1500 691 1544 732 in

125 774 226 830 ipsis
268 774 435 814 locutus
491 783 575 822 est,
624 771 818 827 spiritum
856 771 952 812 Dei.
1021 772 1098 812 Est
1139 781 1358 826 praeterea
1395 781 1435 810 et
1473 768 1546 809 illa

126 851 241 905 apud
271 849 528 905 Apostolum
560 850 613 889 de
644 850 726 890 hoc
757 864 974 898 sermone,
1006 847 1040 889 si
1073 848 1164 903 quis
1196 847 1433 900 diligentius
1466 848 1544 888 ob-

124 937 270 976 servet,
300 925 407 966 mira
437 925 663 970 distinctio.
721 925 858 967 Moris
892 937 953 966 est
993 926 1108 981 apud
1140 924 1328 966 Graecos
1357 923 1544 964 nomini-
1589 934 1591 936 ’

123 1004 205 1044 bus
236 998 386 1062 ἄρθρα
414 1002 634 1058 praeponi,
668 1019 775 1059 quae
806 1003 921 1058 apud
950 1019 1029 1043 nos
1060 1014 1239 1058 possunt
1269 1001 1434 1042 articuli
1463 1018 1544 1041 no-

124 1080 289 1121 minari.
349 1080 396 1122 Si
437 1081 609 1135 quando
640 1080 766 1133 igitur
794 1079 930 1121 111οεί5
960 1080 1095 1132 legem
1136 1078 1343 1128 nominat,
1373 1079 1548 1120 solitum

123 1157 292 1199 nomini
326 1157 558 1213 praemittit
597 1156 844 1198 articulum:
884 1157 917 1199 si
956 1157 1128 1213 quando
1169 1174 1268 1198 vero
1308 1156 1548 1198 naturalem

123 1236 216 1275 vult
244 1235 432 1287 intelligi,
463 1234 552 1276 sine
583 1234 760 1276 articulo
778 1234 972 1275 nominat
992 1235 1141 1287 legem.
1185 1233 1303 1289 Et2)
1332 1234 1415 1274 hoc
1447 1249 1546 1285 ergo

126 1310 171 1352 in
201 1312 322 1361 loco,
352 1311 427 1351 ubi
459 1312 577 1352 dicit:
609 1311 810 1366 ‚‚nunc3)
850 1323 991 1352 autem
1029 1311 1118 1352 sine
1157 1311 1248 1363 lege
1277 1309 1432 1367 justitia
1462 1309 1548 1349 Dei

126 1389 390 1429 manifestata
422 1393 529 1430 est:“
559 1388 784 1428 articulum
813 1405 902 1430 non
941 1389 1089 1439 habet3
1126 1387 1171 1427 in
1212 1387 1403 1443 sequenti
1433 1404 1547 1436 vero,

126 1466 202 1507 ubi
235 1466 356 1507 dicit:
386 1465 628 1516 „testificata
649 1465 779 1517 alege
803 1475 842 1504 et
870 1463 1088 1519 prophetis
1104 1469 1140 1504 :“
1169 1466 1356 1505 secundo
1380 1463 1423 1503 in
1447 1464 1545 1504 loco

126 1542 263 1594 legem
294 1559 391 1583 cum
422 1541 600 1582 articulo
631 1541 785 1597 posuit.
845 1541 891 1584 Si
922 1558 1019 1594 ergo
1051 1540 1309 1582 sufficienter
1325 1540 1462 1597 patuit
1494 1542 1549 1583 dc

124 1618 226 1671 legis
257 1617 544 1673 appellatione
574 1617 809 1668 diversitas,
839 1618 1055 1658 videamus
1084 1634 1219 1667 nunc,
1254 1634 1360 1672 quae
1389 1617 1548 1674 justitia

124 1694 214 1735 sine
243 1694 428 1735 naturali
477 1695 567 1747 lege
611 1694 914 1735 manifestetur.
973 1695 1094 1735 Idem
1126 1694 1358 1749 Apostolus
1387 1695 1547 1736 Paulus

125 1771 228 1814 dicit
259 1773 312 1812 ‹le
344 1770 526 1822 Christo,
559 1771 657 1828 quia
685 1773 846 1822 „factus
863 1771 908 1826 4)
940 1783 999 1812 est
1017 1771 1142 1812 nobis
1168 1771 1370 1827 sapientia
1392 1789 1414 1813 a
1433 1773 1545 1823 Deo,

125 1862 168 1892 et
196 1848 373 1906 justitia,
414 1859 455 1890 et
484 1848 781 1899 sanctificatio,
823 1859 864 1890 et
892 1848 1142 1890 redemtio.“

1200 1849 1316 1890 Haec
1347 1866 1446 1902 ergo
1477 1849 1545 1906 ju-

125 1926 234 1968 stitia
265 1926 362 1977 Dei,
395 1942 501 1982 quae
528 1937 589 1966 est
610 1925 811 1976 Christus,
831 1926 1124 1966 manifestatur
1139 1925 1228 1967 sine
1250 1926 1341 1979 lege
1373 1926 1547 1982 quidem

123 2003 328 2054 naturali,
376 2020 468 2044 non
503 2014 647 2044 tamen
686 2002 775 2044 sine
812 2003 902 2056 lege
937 2002 1095 2053 BIosis,
1146 2002 1273 2057 ve1⁵)
1313 2003 1546 2058 prophetis.

125 2081 214 2121 Dat
244 2079 356 2120 enim
388 2079 425 2120 ei
451 2079 742 2120 testimonium
772 2079 851 2129 lex,
882 2079 988 2120 sicut
1017 2091 1056 2119 et
1085 2078 1174 2134 ipse
1204 2078 1326 2119 dicit:
1358 2091 1546 2129 „scruta-

126 2157 290 2212 miniss)
323 2155 581 2211 Scripturas:
613 2155 728 2211 ipsae
759 2167 867 2205 sunt,
901 2172 1007 2210 quae
1038 2155 1327 2197 testimonium
1358 2159 1546 2199 reddunt

128 2236 182 2276 (le
219 2239 327 2275 me.“
391 2235 500 2274 Nam
544 2232 608 2273 lex
657 2231 830 2288 quidem
870 2232 1073 2273 naturalis
1110 2244 1252 2288 potest
1303 2234 1546 2277 occasiones

126 2312 354 2368 praebere,
387 2321 428 2351 et
463 2309 728 2350 intellectum
767 2309 892 2358 dare,
948 2320 995 2349 ut
1035 2308 1236 2359 diximus,
1288 2311 1354 2351 vel
1393 2312 1446 2352 ad
1484 2328 1544 2363 ea,

128 2404 236 2444 quae
265 2387 375 2429 inter
403 2385 596 2428 homines
629 2385 692 2439 agi
723 2385 908 2442 aequitas
931 2385 1078 2441 poscit,
1109 2386 1174 2426 vel
1204 2387 1257 2428 ad
1278 2388 1359 2429 hoc
1390 2387 1543 2445 ipsum,

248 2560 292 2616 ¹)
321 2562 449 2603 Rom.
480 2562 574 2611 VII,
604 2562 671 2605 14.

243 2631 290 2685 2)
320 2632 432 2673 Edd.
464 2632 661 2674 Merlini:
691 2634 742 2674 In
772 2633 854 2673 hoe
887 2646 984 2684 ergo
1014 2631 1126 2680 loco,
1155 2630 1232 2671 uhi
1263 2643 1337 2672 etc.

248 2699 295 2754 ³)
323 2702 449 2743 Rom.
478 2703 554 2753 ΠῘ,
583 2704 651 2745 21.
770 2702 815 2758 4)
844 2703 864 2743 I
898 2702 996 2744 Cor.
1026 2703 1060 2752 Ι,
1088 2702 1154 2744 30.

250 2769 294 2823 ⁵)
325 2769 438 2812 Alias
469 2774 529 2826 (v.
560 2790 592 2816 c.
622 2772 667 2814 in
707 2773 802 2813 edd.
841 2771 948 2827 ΜΛ)
993 2772 1084 2822 „vel
1114 2771 1460 2828 prophetarum.“
1491 2773 1540 2813 R.

250 2837 296 2894 ὃ)
320 2839 396 2881 Ev.
427 2842 582 2885 Joann.
613 2844 664 2894 V,
693 2844 760 2888 39.
