1788 3111
241 136 327 181 338
583 131 806 175 Omen-:ms
831 143 881 174 m
909 130 990 172 Ep,
1021 142 1082 173 An
1115 131 1340 175 ΒοΜΑΝοε

245 248 368 291 dicit:
398 256 649 303 „peccatum
667 244 711 301 Ι)
744 254 883 286 autem
903 259 995 286 non
1025 243 1336 300 imputatur,²)
1370 261 1468 287 cum
1490 246 1555 288 lex
1583 264 1675 289 non

245 330 350 369 est:“
388 325 580 367 videatur
619 321 745 364 etiam
782 320 981 364 diabolus
1020 333 1060 363 et
1098 322 1236 374 angeli
1275 320 1362 380 ejus
1404 321 1589 372 absolvi,
1628 325 1675 373 si,

245 404 320 446 ubi
351 404 417 444 lex
446 418 538 443 non
569 412 651 451 est,
687 410 913 455 peccatum
948 415 1040 440 non
1071 399 1305 454 reputatur.
1363 399 1419 440 Et
1448 401 1674 456 quomodo

245 493 342 522 ante
371 481 505 532 legem
537 477 672 520 Musis
697 477 767 523 ¹vel
796 491 968 532 serpens
1008 475 1318 517 condcmnatus
1349 487 1431 527 est,
1473 478 1540 518 vel
1568 476 1676 518 invi-

243 559 314 600 dia
344 557 509 599 diaboli
541 572 657 597 mors
686 553 876 596 introivit
904 553 949 594 in
982 552 1133 593 orbem
1162 552 1403 595 terrarum?
1432 552 1675 608 Quomodo

243 636 384 685 etiam,
414 635 534 690 quod
574 633 709 674 Judas
749 629 980 686 Apostolus
1020 629 1066 671 in
1106 628 1283 685 epistola
1323 629 1532 672 catholica
1563 631 1679 680 dicit,

242 712 402 768 poterit
432 708 678 767 explanari?
734 708 805 750 Ait
836 706 948 748 enim
978 706 1055 748 ita:
1087 707 1286 760 „angelos
1300 707 1345 763 3)
1377 723 1574 764 quoque,
1604 706 1678 763 qui

243 806 335 831 non
378 799 650 830 servaverunt
696 785 990 844 principatum
1037 801 1182 835 suum,
1227 786 1301 827 sed
1356 785 1678 840 dereliquerunt

244 865 514 908 domicilium
545 881 684 916 suum,
713 864 758 905 in
787 861 994 920 judicium
1026 862 1170 914 magni
1205 862 1290 905 diei
1320 862 1500 904 aeternis
1528 862 1678 904 vincu-

243 944 292 985 lis
324 942 573 985 constrictos
609 943 689 984 sub
731 941 910 993 caligine
938 940 1202 982 reservavit.“
1257 940 1322 981 Ex
1352 940 1505 996 quibus
1537 939 1678 981 omni-

243 1024 322 1063 bus
352 1020 482 1072 magis
514 1035 562 1061 ac
592 1018 722 1071 magis
754 1029 920 1060 constat
957 1018 1010 1058 de
1053 1033 1101 1059 ea
1142 1018 1232 1069 lege
1270 1017 1377 1059 haec
1417 1018 1675 1073 Apostolum

243 1100 407 1149 dicere,
445 1113 573 1154 quam
612 1095 924 1151 unusquisque,
961 1093 1104 1150 sivest)
1149 1094 1400 1144 hominum,
1437 1095 1521 1136 sive
1550 1095 1674 1136 etiam

244 1176 520 1228 angelorum,
571 1170 713 1214 divina
754 1173 941 1227 quadam
990 1171 1328 1227 dispensatione,
1374 1172 1438 1212 vel
1484 1187 1676 1221 munere,

242 1255 353 1296 intra
381 1267 425 1293 se
455 1247 706 1292 naturaliter
735 1247 858 1300 gerit:
892 1246 1012 1304 cujus
1042 1260 1157 1292 tanta
1188 1249 1246 1292 vis
1277 1259 1349 1299 est,
1381 1260 1420 1290 et
1448 1259 1564 1290 tanta
1595 1264 1676 1304 po-

241 1330 392 1379 tentia,
432 1339 479 1369 ut
508 1326 635 1368 etiam
675 1326 848 1377 angelos
879 1337 1049 1377 arguat,
1086 1343 1167 1368 nec
1195 1342 1426 1383 personam
1457 1324 1583 1367 ullius
1613 1325 1677 1367 di-

242 1406 406 1460 gnitatis
438 1404 641 1461 excipiat,
672 1414 711 1444 et
738 1402 830 1458 ipsa
860 1403 1007 1444 fecerit
1036 1404 1144 1454 hoc,
1185 1405 1304 1460 quod
1332 1403 1526 1459 superius
1554 1404 1677 1458 Apo-

240 1486 372 1528 stolus
402 1483 537 1525 Judas
569 1482 685 1533 dicit,
718 1492 767 1522 ut
796 1479 956 1533 angeli,
995 1479 1069 1536 qui
1098 1496 1191 1521 non
1216 1491 1490 1522 servaverunt
1516 1479 1678 1537 princi-

241 1575 391 1622 patum
431 1578 580 1612 suum,
617 1561 693 1602 sed
743 1558 1064 1615 dereliquerunt
1109 1557 1378 1599 domicilium
1426 1574 1574 1608 suum,
1621 1559 1677 1599 ad

239 1640 450 1699 judicium
483 1637 626 1690 magni
658 1636 744 1680 diei
773 1637 954 1680 aeternis
984 1634 1171 1678 adstricti
1200 1635 1378 1678 vinculis
1396 1647 1676 1678 servarentur.

240 1720 336 1774 Ipsa
369 1728 428 1758 est
455 1717 546 1765 lex,
585 1730 694 1771 quae
729 1713 854 1755 etiam
896 1713 1121 1755 diabolum
1139 1711 1184 1768 5)
1225 1723 1265 1753 et
1310 1715 1483 1765 angelos
1514 1711 1602 1769 ejus
1631 1712 1676 1754 in

240 1796 382 1847 ignem
412 1804 647 1843 aeternum,
678 1791 752 1847 qui
772 1791 822 1833 iis
840 1801 1117 1847 praeparatus
1147 1802 1217 1839 est,
1247 1789 1465 1846 pertrahit.
1510 1790 1566 1832 Et
1594 1788 1676 1831 sic-

240 1885 288 1914 ut
328 1883 491 1913 certum
535 1881 614 1919 est,
658 1869 758 1925 quia
807 1883 948 1923 neque
985 1867 1047 1909 illi
1093 1867 1229 1921 angeli
1269 1867 1449 1909 aeternis
1489 1866 1675 1910 adstricti

240 1949 419 1992 vinculis
451 1948 504 1989 ad
533 1945 744 2005 judicium
773 1956 1060 1995 servarentur,
1091 1961 1232 2001 neque
1261 1945 1327 1987 isti
1357 1944 1400 1986 in
1430 1945 1572 1997 ignem
1605 1961 1675 1986 ae—

239 2040 424 2076 ternum,
454 2025 527 2082 qui
556 2025 604 2067 iis
641 2034 916 2080 praeparatus
943 2034 1014 2073 est,
1043 2022 1323 2073 mitterentur,
1351 2022 1431 2065 nisi
1462 2023 1562 2079 quia
1592 2040 1676 2079 po-

240 2107 364 2150 sitam
393 2104 472 2146 sibi
506 2120 528 2144 a
558 2102 657 2143 Deo
689 2102 824 2156 legem
853 2116 944 2141 non
973 2109 1265 2150 servaverunt,
1306 2116 1446 2156 neque
1477 2101 1531 2140 ad
1559 2097 1674 2157 judi-

241 2185 355 2226 cium
386 2181 591 2231 venirent,
618 2177 699 2221 nisi
729 2189 878 2220 contra
908 2177 1044 2229 legem
1077 2177 1239 2233 aliquid
1262 2176 1587 2219 commisissent:
1617 2177 1673 2218 ita

242 2273 402 2304 certum
436 2258 625 2307 videtur,
666 2256 786 2313 quia,
814 2255 849 2297 si
881 2255 1160 2298 custodissent
1197 2254 1381 2311 positam
1414 2254 1495 2296 sibi
1525 2254 1674 2307 legem,

239 2354 379 2394 neque
408 2335 474 2378 isti
503 2335 548 2376 in
578 2334 719 2386 ignem
749 2344 994 2384 aeternum,
1034 2348 1175 2388 neque
1204 2332 1266 2375 illi
1297 2333 1375 2375 sub
1407 2342 1577 2373 aeterna
1603 2347 1672 2372 ca-

241 2415 376 2467 liginis
408 2414 574 2454 vincula
608 2411 871 2453 decidissent.

363 2541 405 2595 Ι)
436 2539 563 2580 Rom.
596 2539 646 2588 V,
678 2539 744 2583 13.

356 2610 403 2665 2)
435 2610 546 2651 Edd.
578 2608 753 2650 Merlini
784 2609 869 2649 hoc
899 2609 1023 2656 loco,
1072 2608 1146 2649 csr.
1177 2623 1217 2662 p.
1248 2606 1344 2650 332.
1375 2618 1463 2647 not.
1496 2607 1531 2650 6.
1567 2608 1670 2656 „im-

240 2669 484 2724 putabatur,
517 2683 613 2707 cum
645 2667 706 2706 lex
737 2682 827 2707 non
860 2668 1000 2706 essetf‘

357 2737 403 2793 3)
439 2737 515 2792 Ep.
546 2737 688 2777 Judae
716 2752 818 2777 vers.
850 2735 888 2778 6.
1227 2792 1229 2795 ⁸

358 2807 401 2861 ⁴²)
435 2807 563 2847 Deest
592 2806 635 2847 in
669 2806 789 2849 editis
820 2805 879 2862 (v.
913 2822 944 2847 c.
976 2804 1020 2846 in
1053 2805 1147 2846 edd.
1180 2802 1288 2858 M.):
1319 2803 1467 2856 „sive.“
1499 2803 1546 2843 R.

358 2878 401 2929 ⁵)
434 2876 582 2918 Matth.
615 2876 754 2927 XXV,
790 2879 855 2918 41.
