1788 3111
465 131 942 176 COMMNENTARIORUM
973 130 1064 171 Lm.
1087 129 1158 171 111.
1434 131 1522 176 223

106 242 392 300 animalesque
421 241 644 300 justificet?
697 243 783 284 Illis
823 258 922 295 ergo
962 242 1006 284 in
1047 243 1109 284 his
1138 243 1334 299 Apostoli
1361 260 1523 285 sermo-

107 323 232 364 nibus
261 323 401 364 nodus
433 320 730 363 inextricabilis
762 320 851 361 erit,
910 320 1156 361 Secundum
1193 336 1271 361 nos
1299 336 1423 370 vero,
1452 320 1524 374 qui

109 398 475 440 circumcisionem
509 415 591 447 eos,
624 396 696 453 qui
733 413 780 438 ex
810 397 985 438 Judaeis
1028 396 1309 446 crediderunt,
1335 409 1373 438 et
1401 413 1525 452 prae-

107 476 274 532 putium
305 475 580 518 nihilominus
601 474 642 530 ¹)
674 490 758 524 eos,
792 473 865 529 qui
894 476 946 515 ad
976 475 1104 515 fidem
1136 491 1181 515 ex
1213 472 1421 515 Gentibus
1450 491 1524 514 vo-

109 552 191 593 cati
220 564 336 602 sunt,
374 552 571 600 dicimus,
609 551 737 607 plana
778 551 854 591 erit
892 562 929 591 ct
968 551 1100 591 facilis
1131 550 1348 605 expositio.
1405 550 1521 590 Idem

110 629 221 670 enim
253 630 341 685 ipse
369 628 485 669 Deus
516 644 563 668 ex
595 638 778 682 utroque
804 628 969 682 populo
1001 615 1218 668 credentes
1233 643 1323 668 non
1347 626 1526 667 circum-v

109 705 275 747 cisionis
315 716 386 747 aut
414 703 622 760 praeputii
654 703 896 760 privilegi0,
931 705 1006 745 sed
1040 705 1169 746 solius
1207 704 1307 745 fidei
1337 715 1527 744 contem-

109 783 300 839 platione
327 781 532 839 justificat.
592 779 850 837 Superest2)
884 792 922 821 et
958 781 1083 823 unius
1111 782 1296 838 syllabae
1328 779 1528 822 differen-

110 859 192 908 tia,
228 859 273 900 in
311 875 394 912 qua
423 858 601 899 variasse
630 858 796 898 videtur
838 860 1081 914 Apostolus.
1136 859 1238 899 Non
1276 874 1356 899 nos
1395 857 1528 898 otlose

110 947 356 992 praetereat,
389 935 506 990 quod
537 934 649 984 dicit,
679 936 775 989 quia
792 934 837 990 3)
873 935 1238 976 circumcisionem
1271 951 1318 976 ex
1347 937 1435 976 fide
1463 933 1529 991 ju-

110 1013 259 1054 stificet
288 1012 426 1062 Deus,
467 1022 506 1052 et
534 1028 621 1052 non
655 1028 732 1067 per
759 1013 905 1064 fidem3
942 1012 1212 1068 praeputium
1244 1028 1343 1053 vero
1373 1028 1451 1067 per
1479 1013 1531 1062 fi-

111 1091 235 1139 dem,
275 1101 314 1130 et
353 1106 445 1130 non
476 1104 523 1129 ex
553 1090 649 1130 fide.
706 1089 806 1131 Non
849 1090 959 1131 enim
989 1089 1094 1131 mihi
1123 1089 1288 1130 videtur
1317 1089 1530 1145 superflua

114 1168 229 1222 apud
262 1183 358 1207 eum
385 1166 533 1207 haberi
561 1165 636 1207 ista
659 1167 1024 1222 praepositionum
1038 1166 1083 1222 4)
1111 1165 1402 1215 commutatio,
1432 1165 1531 1220 quia

113 1242 348 1284 invenimus
378 1245 430 1283 ab
462 1260 512 1284 eo
545 1255 583 1284 et
612 1244 657 1284 in
688 1243 776 1284 aliis
807 1243 925 1293 locis,
953 1259 1044 1284 non
1074 1255 1120 1284 ut
1141 1245 1256 1293 libet,
1282 1245 1356 1284 sed
1387 1243 1532 1285 obser-

118 1331 263 1360 vanter
292 1320 393 1360 haec
423 1319 574 1374 posita,
605 1331 644 1360 ct
671 1321 904 1362 necessario
938 1319 1220 1361 differentiam
1254 1319 1533 1362 distinctionis

117 1395 365 1453 hujus·esse
404 1408 631 1446 servatam,
677 1396 783 1438 sicut
827 1413 923 1437 cum
966 1398 1018 1437 de
1055 1397 1152 1438 Deo
1190 1398 1368 1452 loquens
1409 1395 1531 1437 dicit:

117 1473 406 1528 „quoniam⁵)
438 1490 484 1514 ex
513 1472 620 1529 ipso,
652 1485 690 1514 et
718 1490 795 1529 per
808 1473 960 1530 ipsum,
991 1474 1090 1514 etin
1113 1473 1205 1528 ipso
1226 1485 1323 1516 sunt
1348 1473 1532 1514 omnia.“

117 1548 173 1589 Et
201 1549 353 1590 iterum
385 1550 485 1590 alibi
517 1550 637 1591 dicit:
669 1549 859 1607 ‚‚sicut⁶)
901 1550 1012 1591 enim
1052 1550 1206 1591 mulier
1244 1566 1292 1603 ex
1328 1550 1442 1599 viro,
1470 1548 1530 1592 sic

117 1636 157 1666 et
185 1627 248 1667 vir
275 1642 353 1681 per
381 1625 622 1667 mulierem:
656 1626 798 1667 omnia
828 1639 967 1667 autem
1000 1643 1045 1667 ex
1070 1627 1207 1668 Deo.“
1267 1625 1372 1667 Tale
1405 1638 1464 1667 est
1494 1637 1532 1667 et

118 1704 238 1758 quod
264 1704 317 1744 ad
350 1701 595 1743 Corinthios
624 1702 785 1745 scribit:
815 1702 972 1758 ‚‚alii⁷)
1015 1703 1186 1758 quidem
1215 1719 1293 1758 per
1323 1702 1535 1757 Spiritum*

118 1781 243 1821 datur
284 1795 422 1820 sermo
470 1779 719 1835 sapientiae,
769 1778 837 1820 alii
879 1796 1018 1820 sermo
1060 1779 1259 1821 scientiae
1296 1781 1531 1821 secundum

122 1858 304 1898 eundem
337 1856 565 1912 Spiritum,
605 1856 675 1897 alii
713 1858 816 1898 fides
844 1856 888 1897 in
920 1857 1073 1897 eodem
1102 1855 1303 1912 Spiritu.“
1359 1855 1414 1896 Et
1441 1873 1532 1897 non

118 1936 232 1976 solus
261 1934 418 1976 Paulus
449 1934 680 1989 Apostolus
723 1933 873 1975 harum
905 1933 1220 1975 distinctionum
1252 1934 1534 1981 observantias

120 2022 245 2061 tenet,
273 2012 346 2052 sed
376 2022 414 2050 et
442 2011 645 2058 Joannes‚
674 2011 758 2065 qui,
790 2027 885 2051 cum
913 2012 965 2052 de
995 2011 1138 2051 Verbo
1168 2011 1254 2051 Dei
1282 2009 1404 2059 dicat,
1436 2009 1534 2064 quia

123 2086 294 2136 „omnia
311 2085 356 2141 ⁸)
394 2103 471 2142 per
511 2087 647 2143 ipsum
684 2088 794 2127 facta
821 2091 973 2134 sunt‚“
999 2086 1127 2127 vitam
1156 2103 1248 2128 non
1275 2102 1355 2142 per
1381 2086 1533 2142 ipsum,

244 2271 288 2328 ¹)
318 2273 429 2314 Edd.
464 2272 656 2314 Merlini:
689 2288 759 2314 eos
787 2271 1080 2321 nihilominus,
1109 2271 1181 2327 qui
1212 2285 1287 2314 etc.

238 2341 285 2397 ²)
315 2343 380 2383 Al.
410 2342 637 2397 „Superest
663 2354 709 2382 ut
736 2342 861 2383 unius
890 2365 957 2389 —-‚
986 2357 1077 2381 non
1105 2357 1186 2383 nos
1214 2343 1283 2397 (al.
1303 2340 1403 2385 Nec
1425 2344 1533 2400 nos)

126 2398 260 2440 otiose
288 2410 533 2453 praetereat·
550 2399 652 2453 quid
690 2399 816 2439 dicit“
846 2408 921 2438 etc.
952 2396 1001 2443 R.

99 2513 103 2516 ,
239 2468 283 2523 3)
314 2469 424 2510 Edd.
464 2467 656 2508 Merlini:
697 2468 792 2523 quia
840 2465 1203 2508 circumcisionem
1249 2465 1443 2524 justificet
1488 2483 1534 2507 ex

120 2526 218 2574 fide,
262 2537 302 2566 et
336 2542 426 2565 non
465 2541 544 2579 per
570 2526 734 2565 sidem:
777 2523 1044 2580 praeputium
1085 2534 1160 2565 etc.
1198 2550 1254 2560 —-
1295 2521 1380 2564 Cfr.
1410 2523 1536 2566 Rom.

122 2580 196 2630 III,
225 2582 291 2623 30.

238 2647 283 2704 4)
313 2650 376 2690 Al.
410 2649 759 2704 „praepositionis
788 2666 904 2690 nunc
938 2648 1254 2689 commutatio.“
1311 2649 1534 2692 Rabanus:

126 2705 487 2759 „praepositionis,
520 2705 613 2754 Per,
645 2705 960 2749 commutatiof‘
988 2704 1037 2745 R.

241 2772 285 2826 ⁵)
314 2771 439 2814 Rom.
469 2773 545 2822 XI,
572 2775 640 2817 36.
758 2775 804 2830 ⁶)
834 2775 853 2814 I
884 2774 982 2816 Cor.
1012 2773 1088 2824 XI,
1117 2775 1181 2816 12.

242 2839 285 2894 ¹)
316 2841 334 2881 I
365 2841 463 2885 Cor.
493 2843 592 2895 XII,
620 2842 657 2885 8.
777 2844 822 2901 3)
852 2845 926 2888 Ev.
956 2845 1113 2887 Joann.
1142 2843 1174 2893 I,
1201 2844 1241 2887 3.
