1788 3111
535 124 978 166 COMMENTAmoRum
1015 120 1108 163 Lm.
1139 120 1172 163 I.
1509 128 1564 169 15

145 240 287 296 pletur
314 238 443 287 illud,
484 238 601 293 quod
631 235 835 291 scriptum
866 248 946 277 est:
984 235 1136 286 „multi
1156 234 1196 290 ¹)
1226 247 1324 276 sunt
1352 238 1501 288 vocati,
1519 238 1562 295 2)

143 317 269 373 pauci
299 329 440 358 autem
471 314 632 356 electi.“
679 313 912 356 Sciendum
943 325 1084 354 tamen
1117 325 1189 363 est,
1222 315 1339 369 quod
1359 315 1562 369 possibile

146 407 208 437 est
237 395 423 450 aliquem
455 409 541 434 esse
580 403 777 432 vocatum
809 392 1088 446 Apostolum,
1129 403 1201 431 aut
1229 404 1426 432 vocatum
1457 410 1560 448 pro·

142 475 328 529 phetam,
360 484 432 513 aut
459 482 657 511 vocatum
687 468 946 521 magistrum,
980 481 1021 509 et
1050 469 1083 509 si
1113 468 1341 521 neglexerit
1371 471 1560 512 vocatio-

142 550 207 592 nis
248 567 346 591 suae
383 548 579 601 gratiam,
626 546 822 587 decidere
862 563 909 587 ex
951 563 1019 587 ea:
1062 547 1168 587 sicut
1210 558 1251 587 et
1289 547 1442 596 Judas‚
1489 548 1562 604 qui

144 628 269 669 etiam
295 628 337 680 3)
380 625 612 681 Apostolus
654 635 827 664 vocatus
871 635 949 672 est,
996 635 1037 663 et
1074 623 1287 675 negligens
1325 625 1560 667 vocationis

143 722 242 747 suae
280 702 477 756 gratiam,
521 718 568 742 ex
607 702 818 756 Apostolo
863 700 1096 754 effectu54)
1136 712 1195 740 est
1233 702 1442 756 proditor.
1503 703 1561 744 Et

140 781 221 824 fuit
253 781 424 837 quidem
456 790 628 821 vocatus
650 776 895 832 Apostolus,
929 779 1003 818 sed
1032 795 1123 818 non
1153 778 1234 818 fuit
1265 779 1420 820 electus
1439 781 1558 836 Apo-

140 860 286 901 stolus.
356 859 442 900 Sed
485 869 524 898 et
561 856 632 896 ille
671 854 903 910 propheta,
950 853 1022 910 qui
1060 855 1104 895 in
1144 856 1268 896 tertio
1308 858 1558 909 Regnorum

138 936 251 977 libro
284 937 466 976 refertur
493 934 770 989 prophetasse
801 932 854 970 de
884 932 1141 980 Jeroboam,
1183 934 1416 990 vocatus-⁵)
1454 952 1557 990 pro-

139 1014 266 1069 pheta
296 1012 396 1053 suit:
435 1011 529 1065 sifi)
559 1022 700 1050 autem
734 1021 774 1049 et
806 1009 961 1049 electus
992 1009 1131 1059 fuerit,
1150 1010 1194 1066 7)
1226 1010 1315 1066 ipse
1347 1011 1558 1061 discutito,

139 1089 343 1146 quoniam
375 1089 548 1144 quidem
586 1086 828 1143 prohibitus
867 1102 1023 1141 panem
1053 1081 1312 1127 manducare
1342 1088 1383 1128 in
1417 1089 1559 1138 Israel,

137 1167 419 1215 manducavit,
453 1165 551 1220 εἴθ)
582 1164 834 1206 revertendo
865 1163 1114 1204 interemtus
1137 1176 1197 1204 est
1220 1180 1242 1204 a
1263 1165 1402 1206 leone.
1448 1167 1561 1208 Sunt

138 1257 180 1286 et
207 1245 332 1286 multi
361 1243 499 1285 vocati
528 1242 714 1295 magistri
742 1259 821 1298 per
853 1258 999 1282 omnes
1040 1242 1232 1299 ecclesias
1263 1242 1371 1291 Dei,
1412 1254 1452 1283 et
1481 1260 1556 1283 vo—

139 1323 218 1364 cati
247 1323 447 1373 ministri·‚
477 1323 551 1363 secl
580 1320 736 1369 neseio,
769 1319 842 1375 qui
871 1318 917 1359 in
941 1319 1004 1360 his
1029 1319 1151 1360 electi
1170 1320 1215 1374 9)
1246 1320 1432 1372 magistri
1462 1319 1557 1368 sint,

139 1412 181 1440 et
211 1399 332 1440 electi
360 1398 553 1440 ministri.
615 1397 684 1439 Sic
704 1397 775 1452 10)
815 1409 855 1438 et
885 1410 991 1452 puto
1025 1414 1112 1438 esse
1145 1399 1354 1452 quosdam
1385 1409 1556 1438 vocatos

140 1476 326 1532 quidem,
357 1476 491 1532 ut¹¹)
522 1474 736 1531 patiantur
764 1490 844 1530 pro
869 1474 1051 1525 Christo,
1084 1491 1174 1515 non
1204 1487 1347 1515 tamen
1380 1475 1556 1524 electos3

252 1666 295 1721 1>
324 1666 478 1707 Matth.
509 1664 651 1713 XXII,
685 1664 750 1707 14.

248 1736 296 1791 ²)
326 1734 443 1777 Editi
475 1735 534 1800 (e,
566 1752 599 1775 c.
632 1736 727 1776 edd.
757 1734 858 1790 M.)
891 1746 931 1776 et
959 1735 1061 1776 Mss.
1095 1733 1290 1790 quidam:
1322 1734 1447 1775 multi
1477 1751 1552 1774 vo-

131 1791 224 1842 cati,
253 1791 379 1847 pauci
411 1792 544 1832 electl.
579 1792 632 1833 R.

247 1863 290 1917 3)
324 1864 457 1904 Deest
485 1861 667 1911 „etiam“
696 1862 740 1902 in
773 1862 838 1903 ed.
870 1860 1018 1902 Ruaei.

246 1933 293 1987 ¹²)
325 1932 394 1974 Sic
434 1933 536 1974 7Aslss.
580 1945 619 1973 et
658 1934 872 1974 Rabanus.
950 1931 1068 1973 Editi
1107 1948 1231 1972 vero:
1275 1932 1450 1971 effectus
1493 1942 1553 1971 est

129 1990 290 2044 praedo
313 2000 352 2029 et
372 1989 582 2044 proditor.
612 1990 664 2030 R.
684 2014 736 2020 —
766 1990 879 2031 Edd.
900 1989 1098 2030 Merliui:
1124 1990 1285 2038 „sactus
1308 1999 1368 2028 est
1387 1988 1550 2044 praedo

131 2056 172 2085 et
200 2045 438 2101 proditor.“

246 2115 291 2170 5)
322 2116 341 2155 Ι
371 2116 499 2167 Regg.
530 2116 651 2164 XIII,
682 2116 880 2157 29—25.
911 2114 997 2170 (HI
1027 2113 1180 2169 Regg.)

246 2183 292 2239 ὃ)
323 2184 435 2225 Edd.
456 2184 652 2226 Blerlini:
681 2185 714 2225 si
731 2197 873 2225 autem
899 2185 1054 2225 electus
1077 2184 1218 2234 fuerit,
1242 2184 1322 2240 ipsi
1342 2184 1548 2227 discutite.

247 2253 291 2309 7)
321 2254 600 2295 Desideratur
629 2254 809 2303 „fuerit“
839 2254 885 2294 in
919 2255 983 2294 ed.
1014 2253 1161 2294 Ruaei.

243 2323 290 2380 ⁸)
321 2325 402 2365 Ed.
433 2325 483 2365 R.
515 2324 560 2365 in
590 2336 726 2366 textu:
768 2338 837 2374 „et
874 2324 1123 2365 interemtus
1156 2336 1216 2365 est
1245 2341 1268 2365 a
1299 2324 1466 2376 leone‚“
1502 2325 1547 2366 in

125 2394 258 2436 notis:
290 2394 373 2445 „sic
403 2395 506 2437 Mss.
539 2407 579 2436 et
608 2396 823 2437 Rabanus.
882 2394 999 2436 Editi
1029 2411 1128 2435 vero
1161 2395 1217 2451 (e.
1242 2413 1275 2436 c.
1309 2396 1404 2437 edd.
1435 2395 1545 2450 M.):

126 2476 171 2505 et
201 2464 470 2506 revertendo
504 2477 669 2521 captus
700 2477 767 2507 esc
799 2483 826 2506 a
860 2465 1032 2509 leone.“
1103 2465 1190 2507 Cfr.
1221 2466 1241 2506 I
1276 2466 1402 2518 Regg.
1425 2466 1545 2515 XIII,

122 2535 190 2578 23.
221 2536 287 2576 24.
320 2535 406 2590 (III
435 2536 588 2592 Regg.)

241 2604 286 2659 9)
315 2605 424 2646 Edd.
444 2607 638 2647 Merlini:
673 2606 859 2659 magistri
884 2606 1006 2647 electi
1029 2605 1123 2655 sint,
1148 2617 1188 2646 et
1205 2605 1386 2646 ministri
1409 2604 1542 2646 electi.

124 2731 150 2770 d
212 2674 285 2729 ¹⁰)
314 2675 426 2717 Edd.
455 2676 651 2717 Merlini:
692 2677 763 2718 Sic
795 2689 836 2717 et
866 2677 1075 2732 quosdam
1104 2687 1211 2731 puto
1244 2687 1416 2716 vocatos
1448 2675 1542 2731 qui-

156 2746 235 2780 em,
264 2743 311 2772 ut
343 2742 418 2774 etc.

213 2799 284 2856 ¹¹)
316 2799 385 2842 Sic
424 2801 526 2843 Μεε.
567 2802 722 2852 nostri,
765 2815 803 2844 et
841 2804 1057 2845 Rabanus.
1131 2802 1249 2844 Editi
1288 2802 1345 2858 (e.
1377 2819 1412 2843 c.
1445 2802 1541 2843 edd.

122 2854 229 2909 M.):
260 2868 334 2906 „ut
362 2869 566 2912 putentur
595 2859 721 2915 pati.“
762 2861 810 2901 ss.
