1788 3111
517 133 956 177 COMMENTAmoRUM
988 133 1079 175 Lm.
1112 134 1183 175 ΙΙΙ.
1477 135 1562 179 163

143 249 260 307 quasi
290 249 374 290 hoc
407 246 626 289 videamur
656 245 815 297 dicere,
846 246 954 302 ut¹)
988 248 1020 290 si
1051 248 1199 290 veritas
1230 247 1314 288 Dei
1344 248 1385 290 in
1419 246 1560 288 homi-

142 344 247 368 num
279 325 504 368 mendacio
537 323 666 376 magis
699 323 952 373 ostenditur,
995 336 1033 366 et
1070 323 1223 381 justitia
1255 323 1342 381 ejus
1375 340 1452 380 per
1480 324 1560 365 ho-

143 402 308 445 minum
348 400 592 458 injustitiam
639 401 966 456 comprobatur,
1014 400 1218 443 faciamus
1241 401 1287 456 ²)
1335 417 1433 454 ergo
1479 418 1558 443 nos

144 480 278 529 mala,
317 490 363 520 ut
391 494 436 518 ex
468 479 589 519 malis
622 477 814 519 eveniant
842 478 980 527 bona,
1019 489 1057 518 et
1087 477 1346 518 mentiamur
1375 494 1475 527 nos,
1515 489 1559 518 ut

144 571 192 597 ex
221 567 368 597 nostro
399 552 623 594 mendacio
651 553 734 595 Dei
768 554 915 595 veritas
948 555 1156 596 clarescat.
1216 555 1300 596 Sed
1333 554 1436 594 haec
1468 554 1558 610 qui-

142 633 238 674 dem
272 634 324 673 de
353 631 478 671 nohis
510 631 771 681 confingunt,
801 631 1144 687 blasphemantes
1175 649 1264 679 nos,
1297 632 1416 686 quod
1443 630 1561 685 quasi

142 726 190 750 cx
219 708 346 765 ipsius
378 705 613 748 assertionis
643 718 812 748 nostrae
828 707 874 764 3)
917 708 1217 764 consequentia
1249 708 1352 748 haec
1383 706 1466 749 dici
1494 706 1560 747 vel

140 784 344 840 consequi
373 783 604 825 videantur.
671 782 802 836 Quod
835 786 942 826 ratio
976 785 1182 837 dogmatis
1214 784 1346 826 nostri
1378 783 1557 825 omnino

136 878 231 902 non
274 860 443 915 recipit,
483 859 556 914 qui
594 857 748 916 justum
793 873 831 902 et
873 878 1018 902 verum
1059 861 1333 912 intelligimus
1374 859 1558 917 judicem

139 939 295 979 Deum.
365 937 597 977 Sciendum
637 952 737 977 sane
777 950 857 989 est,
898 939 1017 994 quod
1055 937 1097 978 in
1141 938 1395 993 quibusdam
1436 938 1557 979 etiam

141 1013 312 1055 Graecis
344 1012 652 1069 exemplaribus
682 1013 740 1055 sic
770 1014 1002 1056 invenitur:
1048 1015 1291 1069 „numquid
1308 1013 1352 1070 4)
1388 1015 1560 1070 iniquus

137 1092 277 1141 Deus,
318 1091 392 1146 qui
430 1090 557 1131 infert
595 1090 702 1132 iram
746 1093 967 1134 adversum
1009 1090 1268 1134 homines?“
1334 1093 1390 1133 Et
1429 1091 1558 1142 magis

138 1169 372 1210 secundum
404 1161 713 1209 hunc‘sensum
734 1167 1002 1218 videbuntur,
1032 1168 1201 1224 quae⁵>
1234 1169 1425 1217 diximus,
1456 1185 1560 1209 con-

137 1245 292 1286 venire.
353 1244 599 1285 Secundum
632 1245 715 1284 hoe
748 1261 868 1293 vero,
899 1247 1017 1301 quod
1047 1245 1092 1287 in
1122 1246 1278 1288 Latinis
1310 1245 1558 1302 exemplari-

138 1322 216 1362 bus
249 1332 288 1361 et
317 1320 534 1361 nonnullis
563 1320 827 1362 Graecorum
859 1320 1118 1363 invenimus:
1149 1323 1385 1378 „numquid
1403 1322 1448 1378 6)
1478 1322 1559 1364 ini-

140 1413 247 1452 quus
276 1397 415 1445 Deus,
454 1397 526 1451 qui
554 1398 682 1439 infert
711 1395 849 1438 iram?
910 1397 1156 1439 Secundum
1195 1399 1414 1440 hominem
1448 1399 1556 1440 dico.

140 1474 314 1515 Absit:“
344 1474 399 1514 ita
429 1473 749 1525 intelligendum
784 1473 1021 1528 videtur.⁷)
1081 1473 1201 1525 Hoc,
1233 1477 1350 1530 quod
1383 1475 1558 1516 dicitur:

136 1550 393 1606 „iniquus-⁹²)
426 1551 555 1599 Deus,
587 1551 659 1606 qui
690 1551 816 1592 infert
845 1550 990 1600 iran1“‚
1021 1567 1101 1606 pro
1126 1566 1189 1601 eo,
1220 1553 1337 1607 quod
1368 1551 1558 1609 „injusti—

135 1628 191 1668 tia
238 1638 381 1668 nostra
433 1626 631 1683 justitiam
676 1627 761 1668 Dei
806 1628 1131 1677 commendat“,
1180 1644 1270 1669 non
1319 1629 1556 1669 seeundum

134 1704 301 1752 Deum,
356 1719 495 1759 neque
521 1704 779 1744 ‘secundum
831 1703 1080 1757 sapientiam
1125 1703 1211 1746 Dei
1259 1703 1430 1753 dieitur,
1482 1705 1555 1745 sed

133 1782 394 1832 „secundum
436 1779 709 1830 hominem“,
753 1792 792 1821 et
827 1779 1064 1822 secundum
1096 1780 1200 1830 hoc,
1242 1782 1359 1836 quod
1402 1780 1556 1822 dicitur

134 1859 302 1908 „omnis
317 1856 362 1913 9)
404 1858 536 1899 homo
577 1860 769 1900 mendax.
784 1863 807 1882 ‘⁴
867 1856 983 1897 Haec
1023 1868 1164 1899 autem
1196 1857 1376 1898 diximus
1416 1856 1554 1913 ipsum

136 1935 276 1976 adhuc
323 1933 519 1976 ordinem
566 1950 814 1976 sermonum
856 1944 894 1973 et
948 1933 1160 1975 dictorum
1207 1932 1553 1988 consequentiam

135 2023 461 2067 pertractantes,
500 2021 546 2051 ut
577 2009 723 2051 divisio
754 2009 844 2065 ipsa
876 2011 1106 2051 verborum
1138 2010 1397 2066 apertiorem
1430 2009 1555 2050 nobis

135 2089 292 2128 faceret
320 2087 582 2139 intelligendi
612 2086 734 2127 viam.
794 2086 919 2127 Nunc
949 2102 1048 2126 vero
1088 2085 1194 2142 jam,
1233 2085 1366 2139 qualis
1406 2085 1450 2125 in
1492 2084 1554 2125 his

135 2164 403 2206 sermonibus
434 2164 640 2204 habeatur
677 2179 818 2205 sensus
848 2163 1083 2204 secundum
1115 2161 1402 2213 dignationem
1436 2162 1555 2216 Apo-

254 2296 296 2346 Ῑ)
327 2295 436 2337 Edd.
466 2294 662 2336 Merlini:
694 2307 739 2336 ut
770 2295 820 2337 sit
852 2319 902 2325 —-
937 2294 1174 2336 ostenditur
1204 2304 1277 2334 etc.

250 2363 296 2421 2)
328 2365 455 2406 Rom.
490 2365 563 2414 III,
592 2366 631 2408 8.

251 2434 296 2489 3)
330 2434 460 2476 Deest
474 2435 517 2476 in
536 2447 656 2477 antea
679 2435 798 2477 editis
818 2435 876 2490 (e.
895 2451 926 2476 0.
946 2435 988 2475 in
1007 2435 1100 2476 edd.
1118 2434 1225 2490 Μ);
1246 2440 1480 2484 „nostrae.“
1506 2435 1551 2476 R.

251 2505 296 2560 4)
328 2505 453 2546 Rom.
484 2505 557 2555 Ill,
587 2507 626 2546 5.

252 2573 296 2630 ⁵)
328 2574 439 2617 Edd.
470 2574 665 2616 Merlini:
696 2590 805 2631 quae
836 2573 1062 2615 convenire
1093 2572 1283 2615 diximus.

251 2644 296 2697 6)
326 2645 451 2687 Rom.
482 2645 554 2695 Ill,
583 2646 621 2687 5.
651 2645 689 2687 6.

253 2712 296 2769 7)
330 2714 441 2756 Edd.
471 2714 666 2756 Merlini:
698 2713 862 2755 videtur
891 2714 974 2755 hoc
1008 2725 1081 2756 etc.

251 2782 297 2837 3)
330 2784 456 2825 Rom.
488 2785 561 2835 lIl,
591 2786 628 2827 5.

255 2852 299 2904 ⁹)
330 2852 454 2894 Rom.
489 2854 558 2903 HI,
587 2855 623 2896 4.
658 2855 752 2895 coll.
785 2854 935 2896 Psalm.
970 2853 1122 2902 CXVI,
1154 2853 1218 2895 11.
1249 2852 1430 2907 (CXV.)

1182 2930 1272 2971 11*
