1788 3111
559 99 998 142 Commmmmonum
1027 99 1116 140 Lm.
1150 100 1198 142 V.
1501 105 1581 149 381

169 226 230 257 sta
267 226 384 264 sunt,
423 224 688 270 repetuntur:
730 211 858 266 hic¹)
899 223 1038 252 autem
1081 229 1171 253 non
1211 213 1367 256 eadcm'
1395 217 1584 261 nativitas

170 291 374 347 repetitur
406 293 469 332 vel
498 291 689 338 iteratur,
717 291 814 338 sed,
849 300 1016 330 terrena
1032 287 1078 344 2)
1108 290 1187 331 hac
1221 293 1394 343 omissa,
1434 296 1486 335 dc
1514 313 1583 337 su-

170 368 410 425 perioribus
437 367 660 423 suscipitur
696 382 809 407 nova
836 366 1047 408 nativitas:
1090 379 1129 408 et
1167 367 1263 408 idco
1294 372 1446 413 rectius
1475 375 1586 426 lege-

170 461 310 487 remus
338 446 382 486 in
412 444 662 496 Evangelio:
692 442 812 497 „si3)
846 443 936 498 quis
964 461 1055 485 non
1080 444 1207 486 fuerit
1237 461 1403 490 renatus
1435 451 1487 491 de
1516 468 1586 493 su-

170 522 430 577 perioribus,
482 537 573 562 non
610 531 750 575 potest
799 519 980 562 introire
1026 521 1070 562 in
1110 538 1286 573 regnum
1328 525 1459 565 Dei:“
1500 529 1586 569 hoc

173 599 283 639 enim
317 610 375 639 est
402 598 445 638 in
478 596 639 652 Spiritu
669 609 814 638 sancto
845 598 1060 653 baptizari.
1121 599 1202 639 Cui
1244 601 1420 650 rationi,
1457 617 1502 644 ut
1533 608 1587 647 de

170 674 459 731 superioribus
498 690 584 714 esse
624 674 881 729 baptismum
924 675 1219 726 confirmetur,
1247 695 1338 719 non
1372 681 1585 722 immerito

173 752 227 792 ad
247 762 438 793 sanctum
459 750 664 805 Spiritum
690 750 978 807 jungentur⁴)
1002 753 1125 793 etiam
1152 770 1325 808 „aquae‚
1343 755 1387 810 ⁵)
1419 758 1586 812 quaefi)

171 843 298 882 super
329 827 471 868 coelos
489 839 598 875 sunt,
629 839 667 868 et
699 828 876 867 laudant
906 845 1064 869 nomen
1096 830 1318 871 Domini.“
1362 832 1415 872 Et
1439 850 1586 888 quam-

172 903 229 945 vis
257 905 489 945 secundum
522 915 670 960 typum
702 903 945 958 ecclesiis⁷)
973 905 1175 947 traditum
1208 924 1354 949 omncs
1389 910 1590 964 baptizati

169 979 359 1034 simusss)
395 980 442 1021 in
472 981 589 1035 aquis
628 979 713 1021 istis
743 980 996 1030 visibilibus,
1030 994 1069 1023 et
1097 983 1140 1022 in
1174 984 1394 1026 chrifflnate
1425 987 1589 1035 visibili,

170 1068 310 1098 tamen
345 1057 418 1112 qui
448 1068 642 1098 mortuus
673 1069 731 1099 est
758 1071 960 1112 peccato,
999 1070 1037 1099 et
1074 1076 1170 1101 vere
1207 1061 1442 1117 baptizatur
1479 1064 1522 1104 in
1541 1063 1586 1119 9)

171 1146 311 1175 morte
353 1134 520 1183 Christi,
553 1145 593 1175 et
623 1135 907 1189 consepelitur
937 1135 989 1191 ei:
1011 1151 1089 1191 per
1110 1138 1366 1192 baptismum
1399 1139 1441 1180 in
1470 1157 1588 1181 mor-

171 1223 269 1259 tem,
290 1210 359 1265 ¹⁰)
388 1210 551 1264 istem)
592 1227 688 1251 vere
725 1211 769 1251 in
801 1211 963 1266 Spiritu
998 1225 1142 1254 sancto
1175 1226 1214 1254 et
1244 1231 1353 1270 aqua
1382 1218 1434 1257 de
1461 1234 1586 1273 supe-

173 1287 357 1328 rioribus
385 1288 633 1343 baptizatur.
692 1287 746 1329 Et
782 1289 946 1331 intuere
989 1290 1128 1331 adhuc
1160 1292 1396 1343 diligentius
1427 1296 1590 1352 mystici

174 1364 336 1406 ordinis
377 1364 734 1420 consequentiam.
801 1367 918 1409 Mori
961 1368 1079 1424 prius
1125 1380 1293 1424 oportet
1327 1370 1456 1425 te¹²)
1487 1388 1586 1426 pec-

174 1455 291 1492 cato,
330 1454 378 1484 ut
412 1443 546 1498 possis
586 1443 754 1498 sepeliri
792 1459 889 1484 cum
930 1443 1110 1485 Christo.
1168 1446 1349 1488 Mortuo
1381 1448 1493 1488 enim
1525 1465 1591 1491 se-

172 1521 344 1576 pultura
375 1521 563 1562 debetur.
624 1520 670 1561 Si
699 1521 811 1561 enim
840 1519 940 1563 vivis
974 1523 1112 1563 adhuc
1142 1535 1343 1577 peccato,
1385 1540 1587 1581 consepe-

172 1597 241 1637 liri
268 1614 360 1638 non
389 1608 510 1653 potes
546 1597 735 1647 Christo,
778 1597 926 1639 necin
958 1616 1072 1641 novo
1106 1600 1192 1656 ejus
1221 1602 1418 1656 sepulcro
1452 1603 1588 1642 collo-

173 1675 274 1726 cari,
304 1674 403 1731 quia
433 1685 547 1716 vetus
577 1674 711 1715 homo
742 1686 837 1717 tuus
867 1676 976 1726 vivit,
1008 1689 1046 1718 et
1074 1694 1163 1718 non
1193 1690 1314 1733 potes
1333 1678 1402 1732 ¹³)
1431 1679 1474 1720 in
1506 1697 1586 1720 no-

290 1851 334 1905 ¹)
367 1850 478 1891 Edd.
509 1849 702 1891 Merlini:
732 1851 796 1893 his
831 1865 971 1895 autem
1003 1865 1077 1895 etc.

286 1922 335 1975 ²)
364 1921 531 1961 Desunt
565 1923 712 1962 verba:
742 1933 933 1970 „terrena
974 1924 1053 1964 hac
1085 1923 1274 1973 omissa‚“
1303 1924 1347 1965 in
1380 1924 1497 1966 editis
1527 1924 1586 1981 (v.

175 1994 208 2018 c.
238 1977 282 2018 in
314 1978 409 2017 edd.
439 1977 538 2029 Μ.),
570 1989 608 2017 et
636 1978 678 2018 in
711 1978 923 2033 plerisque
953 1979 1052 2021 Mss.
1083 1979 1132 2022 R.

289 2047 335 2101 3)
365 2047 439 2086 Ev.
470 2046 628 2087 Joann.
659 2047 730 2096 III,
759 2049 799 2091 3.
830 2051 927 2091 coll.
957 2065 1051 2104 pag.
1082 2050 1176 2093 380.
1208 2061 1297 2090 not.
1325 2050 1364 2092 4.

288 2115 334 2171 4)
365 2117 499 2157 Αἰὶῑιε;
528 2116 827 2173 ,,ἰιιῃὲιιι]ῐιιι·.“
856 2118 906 2159 R.
936 2144 989 2151 —
1020 2118 1130 2161 Edd.
1158 2119 1346 2162 Merlini:
1378 2117 1586 2176 „conjun-

172 2180 366 2225 guntur.“

289 2244 333 2298 ⁵)
365 2242 518 2286 Psalm.
551 2242 779 2293 CXLVIH,
808 2244 848 2286 4.
879 2245 925 2287 5.

289 2314 336 2369 ⁶)
365 2313 480 2354 Alias
509 2316 569 2364 (v,
599 2330 632 2354 c.
666 2315 710 2355 in
744 2315 838 2357 edd.
867 2313 971 2369 M.:)
1002 2332 1138 2371 „quae
1164 2317 1242 2358 sub
1266 2317 1388 2357 coelo
1405 2329 1513 2368 sunt,
1542 2329 1588 2358 ut

173 2371 373 2412 laudent“
406 2382 480 2411 etc.
513 2369 562 2410 R.

289 2439 334 2494 ⁷)
364 2439 479 2481 Editi
517 2440 578 2495 (e.
620 2457 653 2480 c.
686 2441 780 2481 edd.
812 2441 921 2497 M.):
957 2443 1182 2493 „ecclesiae
1221 2442 1462 2485 traditum.“
1520 2444 1585 2483 Al.

172 2497 499 2547 „ecclesiasticae
526 2497 803 2538 t1·aditi0nis.“
832 2497 882 2538 R.

288 2566 335 2620 ⁸)
363 2566 474 2607 Edd.
504 2566 695 2608 Merlini:
725 2584 880 2609 sumus.
998 2568 1044 2624 9)
1078 2569 1163 2611 Cfr.
1196 2571 1321 2611 Rom.
1349 2570 1420 2620 VI,
1448 2570 1486 2612 3.

263 2637 334 2692 ¹⁰)
365 2637 474 2678 Edd.
505 2637 697 2677 Merlini:
727 2639 796 2686 „in
827 2646 1001 2680 morte.“
1032 2638 1117 2681 Cfr.
1148 2639 1274 2681 Rom.
1305 2640 1376 2688 VI,
1405 2640 1444 2681 4.

269 2707 339 2761 ¹¹)
370 2707 478 2748 Edd.
507 2707 704 2749 Merlini:
734 2707 810 2749 iste
839 2726 934 2750 vere
964 2710 1008 2750 in
1045 2710 1194 2765 spiritu
1221 2722 1367 2751 sancto
1397 2711 1584 2766 baptiza-

175 2775 242 2804 tur
273 2765 325 2804 de
353 2764 641 2818 superioribus
672 2777 710 2805 et
740 2782 860 2820 aqua.
919 2766 974 2807 Et
1007 2777 1080 2807 etc.

266 2833 335 2887 ¹²)
367 2834 496 2875 Deest
517 2840 606 2887 „te“
636 2836 678 2876 in
710 2837 808 2879 edd.
835 2836 894 2878 M.
1025 2836 1095 2890 ¹³)
1134 2836 1210 2878 Ed.
1244 2836 1397 2879 Ruaei:
1436 2849 1581 2892 potest.
