1788 3111
210 121 295 169 106
548 119 772 164 OmGEms
790 133 852 179 *IN
879 119 957 162 ΕΡ.
988 133 1047 164 An
1079 120 1307 166 RomAnos

205 252 318 293 quae
348 235 505 277 nolunt
533 234 614 277 sibi
653 234 746 278 fieri
775 233 993 286 homines,
1035 234 1141 277 haec
1170 250 1227 277 ne
1257 235 1416 278 faciant
1434 236 1479 293 ¹)
1520 236 1640 281 aliis?

205 312 308 365 Legi
337 329 438 353 vero
469 312 604 354 Mosis
637 313 908 354 concordare
948 314 1014 354 lex
1050 313 1256 355 naturalis
1285 315 1521 357 secundum
1551 316 1639 372 spi-

206 391 357 439 ritum,
400 407 493 432 non
522 392 759 433 secundum
790 390 955 431 literam
986 403 1140 447 potest.
1197 391 1308 432 Nam
1340 408 1449 447 quae
1487 393 1564 434 erit
1591 392 1636 434 in

205 468 293 509 hoc
322 466 597 519 intelligentia
626 467 850 517 naturalis,
890 468 1009 509 verbi
1039 468 1195 520 gratia,
1235 479 1282 509 ut
1313 479 1464 512 octavo
1483 468 1529 525 2)
1568 469 1638 511 die

207 545 300 601 quis
332 545 609 587 circumcidat
637 544 864 593 infantem,
907 556 979 585 aut
1017 563 1115 587 cum
1157 545 1247 586 lino
1287 544 1414 586 simul
1452 562 1508 586 ne
1537 547 1635 587 lana

205 621 453 678 texatur,³)
495 623 557 663 vel
602 637 658 661 ne
690 621 781 676 quis
819 621 863 662 in
906 622 1038 677 die4)
1078 640 1292 665 novorum
1332 622 1636 664 fermentatum

205 698 367 754 aliquid
401 697 527 739 edat?
587 698 710 752 Quae
741 716 837 739 cum
870 699 1093 754 aliquoties
1127 697 1426 756 objecissemus
1447 700 1636 751 Judaeis,

205 788 247 818 et
277 775 607 831 exigeremus,⁵)
637 787 697 826 ut,
727 775 761 817 si
793 776 896 832 quid
926 776 970 817 in
998 777 1060 818 his
1081 776 1267 818 utilitatis
1288 775 1463 832 esset,⁶)
1496 787 1635 818 osten-

205 855 374 903 derent,
411 854 566 894 scimus
608 869 678 895 eos
720 854 805 894 hoc
845 855 986 895 solum
1022 855 1286 909 respondere
1322 854 1492 904 solitos,
1535 854 1635 909 quia

201 931 259 973 ita
290 931 424 973 visum
455 930 506 972 sit
535 930 775 982 legislatori.
836 931 926 973 Nos
955 947 1070 980 vero,
1102 930 1175 986 qui
1206 931 1310 971 haec
1336 931 1481 972 omnia
1509 931 1635 987 spiri-

201 1010 370 1051 tualiter
407 1008 679 1059 intelligenda
723 1008 949 1057 sentimus,
993 1007 1157 1049 idcirco
1200 1019 1241 1049 et
1279 1024 1369 1049 non
1408 1009 1635 1058 auditores,

199 1089 274 1130 sed
296 1089 476 1129 factores
493 1084 537 1142 7)
568 1085 668 1136 legis
686 1084 977 1142 justificandos
999 1085 1223 1135 credimus,
1254 1102 1345 1126 non
1363 1085 1463 1137 legis
1482 1102 1635 1127 secun-

201 1166 307 1206 dum
352 1164 543 1212 literam,
588 1179 698 1218 quae
742 1164 889 1218 utique
928 1178 1009 1219 pro
1055 1162 1121 1203 sui
1162 1162 1502 1218 impossibilitate
1541 1180 1632 1204 non

199 1253 338 1299 potest
376 1242 536 1282 habere
572 1241 804 1289 factorem,
846 1241 921 1281 sed
961 1240 1195 1280 secundum
1234 1239 1452 1294 spiritum,
1491 1241 1631 1297 perss)

200 1336 329 1376 quem
359 1318 639 1360 solummodo
670 1316 842 1372 impleri
872 1317 938 1357 lex
963 1316 1131 1372 poterit.
1184 1315 1281 1356 Hoc
1313 1327 1370 1357 est
1394 1332 1492 1368 ergo
1525 1333 1634 1373 opus

197 1398 321 1448 legis,
353 1397 472 1451 quod
503 1395 628 1436 etiam
662 1394 819 1435 Gentes
851 1393 1087 1449 Apostolus
1120 1393 1221 1434 dicit
1249 1393 1430 1449 implere
1459 1406 1634 1437 natura-

197 1473 353 1530 liter9)
386 1489 520 1529 posse.
583 1470 695 1513 Cum
727 1471 840 1512 enim
873 1482 1024 1522 agunt,
1056 1487 1164 1526 quae
1194 1471 1293 1523 legis
1324 1483 1444 1521 sunt,
1473 1472 1630 1528 scripta

196 1553 365 1594 videtur
403 1553 468 1592 lex
505 1550 549 1591 in
593 1549 795 1590 cordibus
837 1565 987 1590 eorum
1028 1566 1050 1590 a
1094 1549 1217 1600 Deo,
1258 1548 1442 1605 non¹⁰)
1485 1562 1631 1600 „atra-

197 1641 360 1679 mento,
389 1629 462 1670 sed
493 1625 644 1682 spiritu
679 1626 762 1667 Dei
793 1626 911 1667 vivi.“
973 1625 1107 1680 Quod
1141 1639 1280 1667 autem
1313 1627 1436 1668 dicit:
1468 1628 1537 1676 „in
1559 1627 1568 1651 ¹
1589 1626 1629 1683 Ι)

198 1706 440 1754 cordibus,“
471 1721 562 1745 non
595 1715 654 1745 est
689 1705 955 1760 putandum,
987 1702 1083 1758 quia
1114 1702 1159 1744 in
1191 1705 1388 1744 membro
1422 1705 1630 1760 corporis,

199 1785 315 1842 quod
350 1800 426 1824 cor
456 1783 706 1838 appellatur,
737 1782 802 1821 lex
821 1780 978 1835 scripta
1011 1780 1186 1821 dicatur.
1243 1781 1372 1822 Unde
1390 1782 1502 1822 enim
1527 1799 1626 1824 caro

199 1874 271 1906 aut
301 1873 440 1903 tantos
469 1858 724 1916 prudentiae
754 1874 897 1899 sensus
927 1857 1060 1913 possit
1086 1857 1286 1908 emittere,
1319 1870 1391 1899 aut
1411 1858 1482 1913 ¹²)
1513 1870 1629 1900 tanta

196 1940 434 1982 memoriae
463 1938 729 1993 receptacula
763 1934 1014 1977 continere?
1073 1935 1160 1977 Sed
1190 1935 1410 1977 sciendum
1445 1947 1523 1985 est,
1560 1953 1628 1977 ra-

317 2081 360 2137 ¹)
391 2079 504 2121 Tob.
535 2078 607 2127 IV,
639 2078 702 2120 15.
824 2076 870 2133 ²)
900 2076 1027 2118 Levit.
1060 2076 1155 2125 ΧῙῘ,
1183 2076 1224 2118 3.

313 2152 360 2205 ³)
390 2151 626 2191 Deuteron.
658 2149 800 2197 XXll,
831 2151 896 2193 11.
1015 2145 1063 2201 ⁴)
1094 2147 1233 2188 Exod.
1264 2146 1360 2197 XII,
1391 2149 1454 2190 15.
1482 2148 1548 2192 19.

315 2222 360 2277 5)
394 2223 454 2262 Ita
484 2219 582 2260 Mss.
642 2219 758 2261 Editi
790 2236 913 2266 vero,
946 2219 1035 2260 alii:
1069 2223 1380 2269 ,‚urgeremus“,
1412 2218 1503 2260 alii:
1535 2219 1626 2269 „in-

196 2284 427 2332 geremus“‚
458 2278 527 2317 alii
561 2277 619 2331 (e.
653 2293 688 2315 c.
721 2277 817 2317 edd.
848 2275 955 2330 M.):
988 2276 1342 2325 ‚,ingcreremus.“
1383 2275 1431 2316 R.

315 2348 361 2403 ⁶)
392 2348 472 2388 Ed.
505 2347 563 2387 Μ.
589 2347 636 2388 ΙΙ.
668 2348 798 2387 male:
833 2363 928 2388 esse.
1052 2346 1096 2400 ⁷)
1128 2345 1254 2386 Rom.
1288 2344 1340 2393 H,
1373 2345 1437 2388 ¹13.

314 2419 360 2473 8)
392 2418 501 2458 Edd.
522 2416 720 2457 Mcrlini:
752 2433 972 2472 perquem
993 2418 1134 2458 solum
1164 2417 1228 2456 lex
1259 2415 1429 2471 impleri
1458 2415 1625 2470 poterit.

314 2489 359 2545 ⁹)
393 2488 519 2529 Rom.
552 2486 604 2535 II,
637 2487 701 2527 14.

287 2560 358 2614 ¹⁰)
391 2559 428 2598 ll
463 2557 562 2599 Cor.
596 2557 667 2605 III,
695 2557 733 2598 3.

290 2629 360 2685 ¹')
391 2630 518 2670 Rom.
550 2627 601 2677 Il,
634 2626 700 2667 15.

289 2700 359 2755 ¹²)
392 2700 464 2741 Sic
497 2697 595 2739 editi
635 2697 829 2752 plerique
868 2696 927 2751 (e.
960 2713 993 2737 c.
1027 2697 1122 2737 edd.
1151 2694 1260 2751 M),
1302 2708 1341 2736 ct,
1379 2696 1478 2737 Rlss.
1522 2698 1622 2738 duo„

198 2756 363 2799 Caeteri
395 2773 493 2797 vero
527 2754 625 2796 'Mss.
658 2766 695 2794 et
727 2753 856 2793 editio
889 2753 1071 2794 Veneta:
1109 2765 1214 2803 „aut
1243 2764 1357 2794 tanta
1388 2752 1624 2795 memoriae

196 2815 466 2869 receptacula
497 2808 788 2853 convenire?“
849 2809 1070 2851 Rabanus:
1111 2821 1207 2860 „aut
1238 2821 1356 2851 tanto
1388 2810 1623 2852 memoriae

196 2870 466 2926 receptaculo
500 2865 793 2909 eonvenirc?“
829 2867 876 2907 R.
