1788 3111
239 93 324 136 292
578 89 802 133 OmGEms
829 101 877 132 m
906 88 985 130 ΕΡ.
1014 96 1074 130 An
1106 88 1331 138 Rommos

242 214 382 262 potest
418 202 509 260 ipsa
536 202 736 254 intelligi,
767 203 820 243 de
849 218 932 257 qua
963 201 1158 243 Salvator
1197 200 1297 242 dicit
1338 201 1383 243 in
1411 201 1667 255 Evangelio:

242 299 368 332 „cum
387 281 429 336 ¹)
459 279 619 321 venerit
646 279 779 320 Filius
808 277 993 319 hominis
1021 278 1066 319 in
1098 278 1232 329 gloria
1252 277 1401 329 Patris,
1432 290 1471 319 et
1498 292 1666 322 sancto-

243 377 338 401 rum
371 359 660 412 angelorum.“
721 355 855 410 Quod
885 368 1025 397 autem
1055 354 1178 396 dixit:
1208 355 1393 406 ‚,Patris,
1433 368 1472 396 et
1500 368 1665 398 sancto-

245 453 342 478 rum
380 435 678 486 angelorum:“
720 449 813 474 non
868 435 986 488 quod
1027 432 1111 474 Dei
1162 432 1296 474 Patris
1340 445 1379 474 et
1418 435 1666 484 angelorum

245 529 377 554 unam
407 527 493 553 esse
524 509 702 564 gloriam
735 510 866 560 dicat;
891 511 963 551 sed
995 509 1079 551 hoc
1102 509 1208 550 mihi
1238 509 1403 550 videtur
1432 511 1667 558 ostendere,

247 590 368 645 quod
397 589 498 631 istae
529 585 703 639 gloriae,
733 601 842 640 quae
869 587 933 626 vel
952 603 1029 642 per
1053 587 1206 628 Mosen
1235 586 1465 642 prioribus,
1492 588 1557 628 vel
1586 603 1666 627 no—

246 666 311 707 bis
339 682 418 722 per
458 666 686 706 adventum
729 664 864 705 carnis
905 661 1060 705 Christi
1100 665 1262 704 delatae
1289 677 1410 715 sunt,
1446 681 1538 705 non
1575 665 1669 705 fue-

247 754 348 784 runt
376 743 638 793 angelorum,
668 741 741 781 sed
772 739 1022 782 hominum:
1065 765 1117 772 —
1157 741 1406 784 hominibus
1445 741 1559 782 enim
1589 741 1670 780 mi-

246 818 445 860 nistratae
472 829 592 867 sunt,
624 828 663 857 et
691 818 865 858 fuerunt
894 816 981 872 ejus
1010 833 1255 867 mensurae,
1297 836 1423 873 quam
1439 817 1485 873 ²)
1517 832 1669 872 capere

248 895 444 937 homines
472 905 646 950 possent
675 909 750 934 —:
789 894 861 935 illa
890 910 1018 945 vero,
1048 894 1093 935 in
1125 911 1207 950 qua
1236 894 1370 936 Filius
1400 895 1586 936 hominis
1615 894 1671 935 ad

248 971 455 1030 judicium
486 970 639 1012 mundi
667 981 865 1012 venturus
885 982 956 1019 est,
981 971 1114 1021 gloria
1140 971 1275 1013 Patris
1297 983 1413 1013 tanta
1443 972 1533 1021 erit,
1563 986 1672 1026 quae

249 1066 273 1090 a
303 1049 403 1091 solis
434 1047 587 1099 angelis
619 1047 713 1103 capi
743 1047 883 1102 possit.
942 1046 989 1087 Si
1027 1064 1128 1088 vero
1167 1047 1291 1089 etiam
1319 1060 1565 1090 sanctorum
1596 1047 1671 1088 ali-

251 1126 325 1182 qui
355 1140 531 1180 capaces
571 1124 682 1166 illius
719 1123 879 1174 gloriae
919 1123 1168 1173 exstiterint,
1207 1124 1271 1165 illi
1298 1124 1504 1165 nimirum
1536 1134 1671 1173 erunt,

251 1203 306 1243 de
336 1201 489 1257 quibus
529 1200 703 1241 dicitur:
745 1200 845 1254 quia
884 1198 1094 1254 „erunt³)
1132 1199 1239 1241 sicut
1274 1199 1410 1251 angeli
1437 1199 1561 1240 Dei.“
1618 1199 1674 1240 Et

251 1280 337 1320 hoc
365 1280 500 1319 modo
541 1288 655 1318 recte
688 1278 742 1317 de
770 1276 912 1317 futura
941 1275 1101 1328 gloria,
1133 1292 1242 1332 quae
1267 1277 1478 1332 speranda
1509 1286 1580 1326 est,
1610 1276 1676 1318 di-

252 1367 367 1396 ctum
407 1354 596 1403 videtur,
633 1355 753 1409 quod
792 1352 925 1395 Filius
972 1352 1156 1395 hominis
1193 1353 1330 1395 veniet
1345 1351 1390 1409 4)
1430 1352 1501 1403 „in
1539 1353 1674 1406 gloria

252 1431 402 1481 Patris,
433 1442 473 1472 et
501 1442 747 1472 sanctorum
779 1431 1068 1482 angelorum,“
1098 1430 1142 1471 id
1175 1440 1256 1480 est,
1291 1446 1419 1485 quam
1452 1447 1544 1472 non
1582 1429 1669 1488 jam

255 1508 452 1550 homines
481 1507 651 1557 terreni,
680 1508 755 1549 sed
784 1507 918 1550 sancti
949 1507 1085 1559 angeli
1103 1523 1255 1564 capere
1284 1519 1539 1549 mereantur.
1585 1507 1672 1548 Pro

256 1583 488 1640 capacitate
519 1584 673 1626 etenim
704 1585 914 1626 mentium
955 1584 1226 1640 dispensat-⁵)
1260 1585 1378 1627 Deus
1420 1584 1544 1626 etiam
1583 1601 1675 1626 ma—

254 1660 490 1712 gnitudines
519 1661 764 1713 gloriarum·
823 1661 910 1703 Sed
938 1661 1045 1703 sieut
1071 1661 1191 1703 istam
1224 1663 1424 1713 gloriam.
1455 1679 1581 1717 quam
1613 1660 1677 1701 vi-

255 1737 362 1778 disse
387 1754 432 1778 se
459 1737 654 1794 Apostoli
683 1736 727 1778 in
743 1737 978 1789 Evangeliis
995 1738 1152 1788 dicunt,
1182 1737 1360 1790 gloriam
1377 1738 1423 1793 ⁶)
1447 1749 1675 1792 „tanquam

254 1814 471 1867 Unigeniti
502 1831 526 1855 a
554 1814 700 1864 Patre,
739 1814 916 1870 plenum
945 1815 1100 1866 gratiae
1139 1826 1178 1855 et
1217 1805 1437 1862 veritatis,“
1474 1829 1552 1854 nec
1585 1830 1675 1854 cre-

257 1893 359 1934 dere
389 1892 504 1948 quis,
541 1908 621 1933 nec
652 1907 802 1947 capere
830 1891 993 1947 potuit,
1030 1891 1169 1946 nisi7)
1213 1903 1253 1932 et
1281 1891 1353 1932 illa
1383 1890 1537 1942 gloria,
1568 1906 1676 1945 quae

257 1986 336 2025 per
364 1969 516 2011 Mosen
548 1969 590 2010 in
631 1969 725 2020 lege
754 1968 987 2010 ministrata
1019 1980 1100 2018 est,
1141 1968 1249 2009 viam
1286 1968 1483 2008 tenuisset
1520 1968 1675 2009 intelli-

258 2046 442 2100 gentiae,
470 2046 576 2088 sicut
608 2058 863 2088 contestatur
906 2047 990 2096 ille,
1022 2045 1094 2102 qui
1129 2046 1298 2086 dicebat
1333 2046 1387 2085 ad
1417 2045 1673 2086 Nathanael:

256 2141 409 2179 „quem
428 2124 473 2180 Θ)
503 2123 667 2179 scripsit
695 2124 861 2174 Moses,
892 2135 930 2165 ct
959 2123 1219 2180 prophetae,
1255 2120 1493 2164 invenimus
1530 2123 1676 2165 Jesum

376 2228 417 2281 ¹)
444 2227 543 2268 Luc.
572 2227 649 2277 JX,
679 2228 747 2271 26.

373 2298 421 2352 ²)
449 2298 530 2340 Ed.
560 2298 620 2340 Μ.
652 2298 698 2348 I.‚
726 2299 868 2355 itemq.
901 2301 966 2340 ed.
997 2299 1150 2342 Ruaei:
1182 2315 1295 2356 quas.

372 2368 419 2423 ³)
449 2368 600 2409 Matth.
630 2369 771 2419 XXII,
797 2371 865 2413 30.

377 2437 423 2494 ⁴)
454 2437 533 2478 Ed.
566 2438 698 2478 Ruaei
727 2439 840 2481 sola:
872 2439 1021 2481 veniat.
1053 2464 1104 2472 —-
1137 2439 1225 2480 Cfr.
1256 2440 1355 2480 Luc.
1388 2440 1460 2489 IX,
1491 2441 1557 2483 26.

377 2508 422 2564 ⁵)
450 2508 560 2549 Edd.
593 2508 789 2549 Merlini:
821 2509 939 2551 Deus
970 2508 1093 2551 etiam
1127 2510 1347 2564 dispensat.

373 2578 419 2633 6)
450 2578 524 2621 Εν.
553 2578 710 2619 Joann.
742 2578 772 2627 Ῑ,
805 2579 868 2622 14.

377 2648 421 2702 ⁷)
456 2647 587 2688 Alias:
620 2646 722 2696 „nisi
754 2659 792 2687 et
822 2647 866 2687 in
896 2648 966 2688 illa
998 2648 1143 2699 gloria,
1175 2655 1308 2703 quae“
1339 2661 1413 2689 cte.
1441 2649 1487 2689 R.
1520 2675 1569 2681 -
1594 2650 1670 2691 Ed.

258 2705 319 2746 M.
349 2704 402 2746 II.
434 2721 522 2745 non
555 2703 678 2752 male,
707 2703 740 2745 si
772 2703 1001 2747 contuleris
1020 2705 1255 2760 sequentia:
1288 2705 1391 2756 „uisi
1422 2722 1468 2747 cx
1485 2706 1556 2748 illa
1580 2708 1672 2758 glo-

253 2762 328 2813 ria,
357 2767 491 2817 quae“
523 2771 598 2802 etc.
1250 2766 1252 2768 ’

370 2831 417 2886 8)
448 2830 524 2873 Ev.
552 2831 708 2872 Joann.
738 2830 769 2882 I,
798 2831 864 2875 46.

1762 268 1765 289 l
