1788 3111
180 125 266 168 120
520 127 743 173 Omenms
771 142 818 174 m
847 129 926 172 ΕΡ.
956 140 1016 173 An
1049 129 1276 174 RomAnos

179 237 245 281 nis
270 237 553 294 circumcisio,
578 246 654 287 sed
687 243 788 298 legis
820 244 1058 288 observatio
1089 256 1160 288 est.
1204 244 1438 287 Possumus
1468 256 1609 287 autem

183 333 232 358 ex
261 317 342 359 hac
361 317 404 373 ¹)
436 322 763 378 comparatione
793 322 920 365 etiarn
940 334 1109 365 nostros
1137 322 1184 364 in
1215 321 1392 364 ecclesia
1415 339 1610 365 commo-

182 410 308 437 nere:
345 397 465 439 verbi
503 416 649 450 causa,
688 399 722 441 si
752 399 963 450 dicamus,
1006 400 1052 442 in
1091 399 1315 456 praeputio
1347 400 1489 442 adhuc
1525 416 1612 443 esse

184 472 528 525 catechumenos,
558 488 631 518 aut
660 475 785 517 etiam
808 475 1010 528 Gentiles,
1037 487 1077 518 et
1100 477 1370 519 circumcisos
1392 493 1476 519 esse
1504 479 1610 519 fide-

183 548 243 590 les
273 566 350 606 per
379 552 555 603 gratiam
584 553 797 610 baptismi.
845 553 891 595 Si
913 570 1011 606 ergo
1037 554 1379 604 catechumenus,
1409 553 1483 610 qui
1498 570 1612 595 non-

185 626 289 667 dum
328 644 407 684 per
444 631 618 682 gratiam
659 630 816 672 lavacri
857 629 1129 672 circumcisus
1168 643 1247 680 est,
1285 632 1420 683 legem
1454 629 1611 672 Christi

182 716 329 755 servet,
356 703 530 761 justitias
554 720 593 749 ct
612 710 813 750 mandata
834 708 1055 757 custodiat,
1084 724 1234 749 nonne
1254 724 1301 749 ex
1324 708 1403 749 hac
1418 705 1463 763 2)
1489 723 1610 748 com-

180 782 406 836 paratione
442 782 603 841 judicat
641 801 762 834 eum,
801 784 875 841 qui
912 786 1047 826 fidelis
1090 785 1268 835 dicitur,
1311 798 1351 827 et
1381 795 1609 841 praecepta

178 875 273 900 non
302 872 450 911 servat,
479 878 527 903 ac
557 863 692 915 legem
715 861 870 903 Christi
889 873 928 902 et
946 864 1144 904 mandata
1172 860 1438 904 contemnit?
1472 862 1610 903 Deni-

181 953 266 993 que
298 950 337 980 et
365 938 454 995 ipse
484 939 701 981 Dominus
734 938 923 980 dicebat:
957 939 1127 991 „regina
1144 938 1189 996 3)
1221 939 1364 982 Austri
1392 949 1532 991 surget
1562 937 1604 979 in

177 1013 341 1072 judicio
373 1034 469 1058 cum
499 1017 594 1059 viris
625 1015 906 1068 generationis
938 1015 1084 1072 hujus,
1114 1028 1153 1057 et
1181 1015 1489 1058 condemnabit
1522 1031 1609 1064 eos,

180 1091 279 1148 quia
310 1094 425 1135 venit
454 1111 477 1135 a
510 1094 667 1136 finibus
694 1105 844 1142 terrae,
874 1094 1023 1134 audire
1050 1093 1300 1149 sapientiam
1324 1094 1609 1138 Salomonis.“

180 1168 302 1211 Haec
330 1172 503 1227 quidem
535 1173 590 1213 ad
626 1172 918 1213 instruendam
951 1170 1170 1213 ecclesiam
1208 1171 1333 1213 nobis
1365 1172 1477 1213 dicta
1513 1173 1607 1214 sint.

180 1246 342 1289 Verum
376 1249 619 1298 considera,
655 1248 688 1290 si
717 1248 850 1303 possit
878 1247 921 1288 in
956 1248 1041 1288 hoc
1072 1249 1170 1289 loco
1204 1259 1243 1288 et
1271 1248 1343 1289 ille
1370 1249 1609 1292 intellectus

179 1325 362 1375 admitti,
407 1337 453 1366 ut
483 1326 650 1367 dicatur
679 1325 804 1366 etiam
843 1336 942 1380 post
972 1326 1198 1366 adventum
1234 1323 1390 1366 Christi
1430 1327 1609 1369 carnalis

180 1402 468 1453 circumcisio,
507 1418 618 1458 quae
653 1419 700 1444 ex
728 1404 821 1454 lege
851 1400 1177 1457 observatur,4)
1214 1404 1418 1458 prodesse
1447 1404 1609 1460 aliquid

181 1481 517 1523 custodientibus
547 1482 705 1533 legem,
733 1481 970 1522 secundum
1002 1480 1100 1531 hoc,
1131 1482 1250 1536 quod
1279 1480 1324 1522 in
1353 1480 1474 1522 initio
1507 1482 1608 1523 fidei

178 1570 351 1600 nostrae
381 1559 522 1600 adhuc
554 1576 576 1600 a
610 1558 880 1599 credentibus
911 1559 1235 1599 observabatur:
1266 1582 1319 1589 ·-
1349 1557 1465 1599 utin
1487 1558 1606 1599 Acti-

177 1637 257 1677 bus
304 1636 617 1690 Apostolorum
665 1637 845 1676 docetur
887 1636 951 1675 vel
1000 1635 1149 1676 Petrus
1168 1634 1213 1691 5)
1259 1636 1303 1676 in
1336 1635 1605 1676 v‘discretione

179 1711 390 1762 ciborum,
410 1713 475 1753 vel
497 1712 652 1754 Paulus
672 1711 717 1767 6)
747 1711 790 1752 in
809 1711 1024 1753 sacrificiis
1043 1711 1351 1767 purificationis
1369 1712 1514 1754 fecisse
1531 1730 1603 1753 —-:

175 1788 210 1830 si
241 1790 352 1830 forte
383 1789 505 1830 etiam
539 1790 606 1831 hic
637 1788 885 1846 hujusmodi
926 1789 1289 1830 circumcisionem
1329 1790 1605 1844 proposuisse

176 1864 370 1906 videatur
396 1868 651 1921 Apostolus,
680 1883 808 1923 quam
840 1867 1043 1921 prodesse
1073 1865 1174 1906 dicit
1202 1866 1280 1916 ita,
1319 1865 1353 1908 si
1383 1866 1505 1908 etiam
1537 1868 1604 1908 lex

175 1953 384 1993 servetur;
423 1944 456 1985 si
494 1943 658 1995 minus,
698 1943 1068 1984 circumcisionem
1106 1943 1217 1983 hanc
1254 1942 1298 1983 in
1328 1943 1603 1999 praeputium

173 2021 435 2070 vertendam,
463 2021 546 2061 hoc
578 2033 649 2070 est,
676 2020 784 2062 nihil
814 2021 1105 2076 profuturam:
1135 2019 1224 2060 imo
1251 2021 1376 2062 etiam
1406 2019 1542 2077 majus
1559 2020 1604 2075 7)

175 2097 335 2138 habere
364 2096 571 2155 judicium
605 2115 723 2148 eum,
763 2098 836 2154 qui
865 2114 944 2154 per
976 2095 1344 2138 circumcisionem
1374 2097 1510 2147 carnis
1540 2097 1601 2138 vi-

175 2176 327 2216 deatur
346 2175 445 2227 legis
465 2175 776 2217 observantiam
793 2174 998 2231 profiteri,
1029 2185 1068 2215 ct
1097 2174 1434 2229 praevaricando
1465 2175 1600 2227 legem

172 2249 354 2308 judicari
384 2253 436 2293 ab
460 2268 525 2301 eo,
557 2251 628 2306 qui
658 2268 749 2292 non
778 2251 1009 2307 susceperit
1029 2251 1202 2306 quidem
1226 2251 1598 2293 circumcisionem

174 2329 334 2378 carnis,
378 2327 554 2385 justitias
594 2341 736 2370 tamen
773 2328 998 2371 servaverit
1039 2327 1150 2378 legis.
1228 2327 1273 2368 Si
1313 2343 1412 2380 crgo
1453 2340 1492 2369 et
1530 2328 1599 2370 hic

292 2453 336 2510 ι)
369 2455 501 2496 Deest
528 2455 663 2504 ‚,l1ac“
693 2454 737 2495 in
770 2456 865 2497 edd.
896 2454 957 2494 M.

289 2524 335 2578 2)
365 2523 643 2567 Desideratus
671 2526 803 2574 „hac“
834 2525 877 2565 in
910 2525 1003 2565 cdd.
1036 2523 1094 2563 M.

288 2593 333 2650 3)
366 2593 516 2637 Matth.
547 2594 644 2643 ΧΠ,
673 2596 739 2637 42.

169 2722 197 2762 b
289 2664 333 2719 4)
367 2665 436 2761 Sssic
478 2665 576 2707 Mss.
635 2664 750 2705 Editi
789 2680 888 2705 vcro
931 2663 989 2718 (c.
1022 2681 1054 2704 c.
1086 2662 1321 2717 cdd.⁴M.):
1361 2665 1593 2713 „observa-

202 2727 333 2763 ntur.“
417 2753 425 2761 .

289 2790 332 2846 ⁵)
367 2792 454 2834 Act.
485 2792 539 2841 X,
571 2794 636 2836 11.
667 2807 780 2846 seqq.
900 2790 944 2846 6)
979 2792 1067 2832 Act.
1098 2791 1217 2839 XXI,
1247 2790 1313 2832 26.

290 2859 334 2917 7)
364 2861 478 2904 Editi
508 2863 570 2917 (e.
601 2878 633 2902 c.
667 2862 761 2902 edd.
796 2861 900 2915 Μ.);
935 2861 1002 2912 „in
1035 2860 1162 2903 aliis.“
1205 2859 1331 2901 Male.
1375 2858 1422 2900 R.
