1788 3111
492 115 933 157 COMMENTARIORUM
966 114 1056 154 Lm.
1078 114 1129 155 ll.
1439 115 1523 159 143

104 245 307 286 corpore:
340 239 386 267 ut
417 225 684 267 circumcisus
716 224 880 266 dicatur
908 225 952 266 in
984 242 1109 267 carne
1138 226 1223 276 ille,
1255 243 1381 282 quem
1402 229 1520 283 Apo-

103 307 237 349 stolus
269 304 370 347 dicit
389 304 431 359 1)
469 303 554 361 jam
584 319 674 343 non
715 317 802 343 esse
830 301 875 341 in
906 319 1053 352 carne,
1093 304 1168 344 sed
1198 303 1242 344 in
1273 304 1442 359 spiritu,
1483 316 1523 345 et

107 384 180 440 qui
210 394 325 424 actus
357 381 491 422 carnis
520 397 598 436 per
626 378 821 434 spiritum
851 379 1092 420 mortificat.
1136 381 1299 422 Verum
1320 382 1521 438 quoniam

107 461 179 517 qui
211 458 478 501 circumcisus
516 469 596 506 est,
639 455 826 511 aliquam
867 473 1037 497 carnem
1076 459 1352 513 perditum2)
1393 459 1523 508 dedit,

107 538 292 594 aliquam
336 534 511 577 servavit
548 533 833 583 incolumem,
877 533 922 573 in
968 550 1039 583 eo,
1089 535 1206 589 quod
1244 533 1461 589 perditum
1478 534 1522 588 3)

108 615 235 663 dedit,
267 614 382 653 illam
415 627 583 651 carnem
613 610 836 662 significari
866 622 986 665 puto,
1019 611 1071 650 de
1103 627 1183 665 qua
1205 610 1409 666 scriptum
1442 621 1524 650 est:

107 691 272 740 „omnis
289 689 334 745 4)
372 705 469 730 caro
508 689 707 738 foenum,
748 699 788 728 et
819 686 956 728 omnis
987 687 1120 740 gloria
1161 687 1250 743 ejus
1289 687 1408 743 quasi
1444 687 1524 727 flos

109 768 263 810 foeni.“
324 767 434 808 Caro
467 776 630 814 autem,
672 781 778 820 quae
809 776 997 805 servatur
1027 776 1068 805 et
1098 764 1326 806 incolumis
1355 781 1522 820 perma—

108 857 196 895 net,
228 856 333 901 puto
366 843 483 898 quod
511 843 698 883 formam
728 853 870 882 teneat
899 841 1010 882 illius
1043 842 1192 891 carnis,
1224 844 1277 882 de
1307 859 1389 897 qua
1421 842 1523 882 dicim

107 935 198 970 tur,
241 921 334 976 quia
375 918 608 974 „omnis⁵)
647 935 744 960 caro
777 918 936 960 videbit
975 920 1156 960 salutare
1173 919 1218 975 5)
1257 919 1380 960 Dei.“
1439 920 1525 961 Sed

109 1015 215 1054 opus
246 1009 306 1039 est
335 996 520 1045 auribus,
555 1012 661 1051 quae
680 997 828 1037 audire
855 997 1030 1052 possint,
1064 1013 1172 1052 quae
1201 995 1253 1037 sit
1273 1013 1385 1047 caro,
1419 1013 1526 1052 quae

108 1086 263 1130 pereat,
296 1086 336 1116 et
368 1090 474 1130 quae
506 1073 559 1114 sit
589 1090 711 1124 caro,
744 1091 852 1130 quae
881 1074 1041 1115 videbit
1065 1075 1248 1115 salutare
1278 1073 1386 1114 Dei:
1420 1090 1525 1129 quae

108 1163 206 1206 post
236 1150 546 1206 depositionem
577 1151 712 1191 carnis
741 1152 952 1207 praeputii
983 1153 1094 1193 salva
1122 1162 1389 1207 permaneat,
1430 1168 1524 1190 cum

109 1227 181 1267 illa
211 1239 258 1267 ut
285 1227 365 1267 flos
395 1226 511 1268 foeni
544 1227 758 1268 deciderit.
818 1229 952 1283 Quod
994 1229 1066 1284 qui
1095 1228 1370 1278 intellexerit,
1410 1228 1526 1269 inve—

111 1303 198 1343 niet
234 1303 466 1356 ingentium
504 1304 804 1362 mysteriorum
845 1306 1005 1346 formas
1029 1305 1074 1360 τ)
1114 1306 1159 1346 in
1198 1305 1527 1346 circumcisionis

111 1379 275 1420 ratione
312 1380 582 1435 praemissas,
625 1393 665 1422 et
694 1380 880 1423 inveniet
910 1398 1028 1430 eum,
1071 1382 1144 1436 qui
1174 1382 1218 1422 in
1250 1383 1418 1422 occulto
1449 1383 1527 1422 Ju-

115 1457 242 1496 dacus
275 1468 353 1507 est,
394 1469 434 1497 et
475 1458 547 1513 qui
575 1458 618 1498 in
649 1458 850 1499 interiore
880 1457 1054 1498 homine
1086 1458 1354 1500 circumcisus
1388 1459 1528 1513 est,⁸)

113 1544 277 1572 tantum
307 1546 520 1588 praestare
551 1548 591 1577 et
623 1536 945 1577 eminentiorem
978 1552 1063 1576 esse
1080 1536 1170 1585 illo,
1202 1536 1274 1591 qui
1295 1538 1529 1577 secundum

112 1626 280 1650 carnem
313 1612 502 1652 Judaeus
543 1624 622 1661 est,
663 1625 869 1668 quantum
907 1624 1090 1668 praestat
1132 1624 1173 1652 et
1210 1612 1366 1653 eminet
1396 1613 1529 1653 Judas

111 1687 266 1743 ille,⁹)
308 1703 434 1742 quem
474 1689 722 1736 collaudant
759 1691 909 1730 fratres
945 1689 1030 1738 sui,
1073 1701 1113 1730 et
1152 1689 1225 1745 qui
1255 1689 1454 1731 dormivit
1484 1702 1537 1730 ut‘

112 1765 193 1814 leo,
226 1775 265 1805 et
294 1776 342 1804 ut
371 1766 531 1806 catulus
560 1765 696 1807 leonis
725 1765 943 1808 suscitatus
975 1778 1056 1816 est,
1094 1766 1169 1807 illo
1189 1767 1260 1822 ιο)
1291 1767 1428 1817 Juda,
1457 1767 1529 1822 qui

114 1857 160 1882 ex
191 1841 428 1883 femoribus
458 1843 595 1883 Jacob
626 1844 861 1884 secundum
893 1860 1063 1885 carnem
1093 1855 1215 1884 natus
1247 1855 1320 1884 est.

225 1919 291 1961 14.
322 1918 470 1973 „Quid
492 1920 502 1943 ¹
521 1920 561 1973 Ι)
585 1936 683 1973 ergo
713 1921 893 1976 amplius
914 1933 975 1963 est
994 1921 1066 1977 12)
1096 1919 1296 1962 Judaeo?
1330 1931 1401 1960 aut
1424 1937 1530 1975 quae

114 1994 268 2036 utilitas
322 1995 684 2038 circumcisionis?
756 1999 947 2039 lWIultum
994 2015 1072 2054 per
1123 2014 1296 2039 omnem
1338 1998 1529 2037 modum.

233 2114 277 2168 ¹)
307 2115 434 2158 Rom.
464 2115 581 2164 VIII,
609 2115 796 2156 9.—13.

231 2184 277 2239 2)
306 2184 425 2225 Editi
454 2184 512 2240 (e.
544 2200 577 2223 c.
608 2185 702 2224 edd.
725 2185 834 2239 ’Μ.);
867 2184 1103 2240 „perditam
1133 2183 1289 2225 dedit“
1346 2184 1447 2226 Mss.
1478 2184 1531 2225 al.

115 2241 272 2295 periit,
307 2241 356 2282 al.
387 2241 619 2296 perditum
651 2239 793 2280 dedic.
823 2241 874 2282 R.

231 2310 278 2365 3)
308 2311 419 2351 Edd.
449 2311 511 2351 M.
541 2311 624 2350 hoc
655 2327 829 2366 quoque
858 2311 981 2351 loco:
1010 2310 1221 2365 perditam
1253 2309 1381 2351 dedit.

232 2379 278 2434 4)
310 2380 435 2422 Jesai.
464 2381 555 2431 XL,
586 2381 623 2423 6.
741 2381 785 2434 5)
816 2382 917 2422 Luc.
950 2381 1026 2430 III,
1056 2382 1094 2424 6.

234 2450 279 2505 6)
309 2449 426 2491 Editi
455 2451 513 2506 (v.
545 2468 578 2491 c.
611 2451 706 2491 edd.
736 2450 822 2505 M.)
861 2450 947 2500 hic,
994 2462 1034 2490 et
1063 2452 1194 2507 paulo
1224 2450 1335 2491 infra
1364 2451 1529 2504 legunt:

117 2505 394 2553 „salvatorem
423 2507 546 2550 Dei.“
576 2508 627 2547 R.

233 2561 278 2616 ⁷)
309 2563 420 2604 Edd.
431 2564 571 2605 RIerla
593 2565 752 2605 formas
770 2563 1097 2605 circumcisionis
1113 2563 1279 2604 ratione
1292 2562 1529 2619 praemissa.

236 2630 283 2686 ⁸)
312 2632 592 2674 Desideratur
620 2639 735 2682 „est“
769 2633 815 2674 in
845 2635 942 2675 edd.
971 2635 1034 2676 M.

234 2700 281 2754 9)
313 2701 466 2743 Genes.
499 2703 654 2752 XLIX,
685 2705 724 2746 8.
752 2704 791 2746 9.

209 2768 280 2823 ¹⁰)
311 2770 391 2810 Ed.
422 2772 579 2813 Ruaei:
610 2773 672 2814 illi
703 2775 852 2816 Judae.
974 2772 1045 2827 Η)
1076 2773 1201 2815 Rom.
1231 2773 1307 2821 ῙῙῘ,
1339 2773 1476 2814 1-4,

211 2840 282 2893 ¹²)
312 2840 589 2882 Desideratur
619 2848 732 2893 ‚,est“
761 2842 805 2884 in
838 2844 932 2884 edd.
964 2842 1150 2884 Nlerlim'.
