1788 3111
256 108 343 152 272
595 106 817 151 Omenms
843 121 892 152 m
920 107 998 154 ΕΡ.
1027 120 1087 152 An
1119 109 1344 155 Rommos

257 223 489 265 multarum
508 221 736 274 gentium,“
751 239 860 279 quae
881 224 1049 266 futurae
1066 237 1197 267 essent
1215 225 1259 281 ¹)
1274 225 1381 268 sicut
1400 228 1546 270 stellae
1562 227 1683 279 coeli,

258 317 353 342 non
380 300 522 342 solum
551 301 847 351 multitudine,
883 303 958 343 sed
1001 313 1040 343 et
1070 302 1280 344 claritate:
1318 303 1476 359 quique
1490 304 1537 360 ²)
1577 322 1684 362 pro·

258 376 442 419 mittenti
483 377 665 419 fideliter
703 379 902 419 credens:
939 378 1142 434 „n0n,³)
1180 379 1339 436 inquit,
1382 380 1618 423 infirmatus
1634 381 1682 438 ⁴²)

260 468 321 498 est
351 456 397 497 in
422 456 545 497 fide.“
589 454 723 509 Quod
752 456 873 496 dicit:
902 454 1080 513 „n0n⁵)
1122 455 1359 499 infirmatus
1390 469 1448 500 est
1476 457 1519 499 in
1549 459 1683 500 fide:“

261 533 484 574 ostendere
512 532 619 574 mihi
648 533 813 574 videtur
843 549 928 574 csse
952 534 1168 589 quandam
1191 533 1481 577 infirmitatem
1513 536 1555 577 in
1586 537 1685 578 fide.

260 612 390 673 Quod
421 609 457 652 si
483 621 542 651 est
574 610 818 660 infirmitas,
851 621 909 651 cst
936 609 1026 652 sine
1058 610 1192 651 dubio
1224 622 1263 651 et
1290 610 1463 664 sanitas;
1506 611 1616 654 sicut
1646 623 1686 654 et

258 689 303 730 in
335 688 422 730 aliis
453 687 658 736 ostendit,
704 704 801 728 cum
831 686 951 728 dicit:
981 686 1184 743 „increpa
1198 687 1244 743 6)
1281 688 1380 730 illos
1425 688 1601 739 acriter,
1639 699 1688 729 ut

259 765 351 808 sani
389 765 472 807 sint
510 763 555 805 in
594 765 718 806 fide.“
803 764 960 806 Beatus
998 780 1098 816 ergo
1141 774 1219 814 est,
1256 764 1329 820 qui
1365 783 1456 807 non
1496 765 1688 807 infirma-

259 841 390 899 tur7)
439 842 485 884 in
533 843 630 883 fide.
707 840 752 882 Si
801 858 900 882 vcro
956 841 1048 897 quis
1102 841 1363 892 infirmetur,
1411 859 1557 884 curam
1598 841 1687 899 ejus

260 918 460 963 describit
490 919 735 974 Apostolus,
765 935 861 959 cum
897 918 1017 960 dicit:
1050 918 1364 969 „infirmantem
1381 919 1427 974 8)
1467 931 1607 960 autem
1641 919 1685 960 in

258 1000 345 1039 fido
375 997 584 1045 assumite,
612 1013 704 1037 non
734 995 778 1036 in
811 995 1187 1052 disceptationibus
1207 995 1526 1048 cogitationum.
1574 996 1686 1038 Nam

260 1075 365 1119 alius
397 1075 530 1118 credit
560 1074 821 1114 manducare
837 1072 881 1127 9)
915 1073 1084 1114 omnia:
1113 1073 1186 1129 qui
1216 1085 1358 1115 autem
1388 1072 1584 1114 infirmus
1616 1083 1689 1122 cst,

260 1155 378 1195 olera
409 1152 678 1194 manducet.“
736 1149 820 1190 Per
862 1150 982 1204 quod
1011 1147 1159 1203 utique
1190 1149 1390 1199 designat,
1420 1150 1537 1191 verbi
1570 1151 1688 1191 olera

257 1231 506 1288 praebenda
529 1242 614 1267 esse
633 1226 684 1274 ei,
717 1226 789 1281 qui
809 1225 1051 1266 infirmatur
1071 1224 1141 1280 ι0)
1172 1224 1217 1266 in
1235 1225 1333 1275 fide,
1362 1242 1418 1266 ne
1441 1227 1569 1282 plena
1587 1226 1688 1267 fidei

259 1305 456 1349 doctrina
487 1303 784 1344 cunctantibus
828 1303 873 1344 in
916 1318 963 1343 ca
1006 1314 1046 1343 et
1079 1303 1404 1358 quodammodo
1436 1303 1689 1354 aegrotanti-

258 1386 338 1426 bus
368 1383 596 1434 ingeratur.
654 1379 767 1421 Sana
806 1372 945 1421 autem
993 1381 1097 1422 fides
1137 1379 1312 1430 dicitur,
1353 1395 1461 1435 quae
1500 1380 1689 1435 perfecta

257 1473 329 1511 est,
362 1472 400 1502 ct
429 1458 497 1500 cui
526 1457 633 1499 nihil
665 1459 799 1499 deest:
832 1469 871 1498 et
900 1456 989 1513 ipsa
1022 1469 1099 1507 est,
1138 1473 1247 1513 quae
1287 1457 1423 1498 credit
1452 1457 1688 1497 manduca-

257 1556 304 1581 re
324 1540 333 1564 ¹
353 1539 394 1594 Γ)
428 1535 585 1585 omnIa,
616 1535 662 1576 id
684 1547 755 1585 est,
785 1551 895 1590 quae
917 1550 1069 1589 capere
1091 1546 1230 1590 potest
1258 1533 1426 1574 omnia:
1457 1549 1585 1588 quam
1616 1532 1689 1588 qui

257 1618 408 1665 habet,
435 1612 662 1670 spiritualis
692 1611 1037 1669 appellatu1·,¹²)
1079 1623 1118 1652 et
1143 1610 1348 1668 dijudicat
1378 1611 1542 1660 omnia,
1575 1621 1614 1650 ct
1642 1609 1686 1650 in

257 1695 380 1736 nullo
410 1706 611 1734 sermone
638 1689 914 1731 scandalizari
946 1700 1094 1746 potest.
1148 1688 1277 1730 Undc
1306 1687 1522 1729 evidenter
1552 1702 1684 1742 appa-

378 1859 422 1914 ¹)
455 1859 607 1900 Genes.
636 1856 732 1905 XV,
760 1855 799 1898 5.

373 1930 421 1986 ²)
451 1928 568 1970 Editi
582 1927 641 1983 (v.
661 1944 695 1968 c.
721 1928 815 1969 edd.
840 1927 946 1984 Μ.);
970 1927 1150 1982 „cuique
1165 1924 1468 1983 promittenti.“
1488 1924 1615 1966 Male.
1635 1924 1685 1965 Ρι.

374 2000 422 2054 3)
452 2000 578 2041 Rom.
610 1998 682 2046 lv,
713 1996 777 2041 19.

375 2071 418 2125 ⁴²)
450 2070 561 2111 Edd.
594 2068 654 2109 M.
686 2079 725 2108 ct
753 2066 803 2107 R.
833 2067 917 2108 hoc
961 2068 1060 2108 loco
1103 2077 1142 2106 ct
1170 2065 1384 2121 sequenti,
1415 2066 1490 2107 cfr.
1520 2082 1561 2121 p.
1591 2064 1686 2109 269.

261 2142 348 2173 not.
380 2129 418 2171 5.
450 2127 712 2177 „infirmatus
744 2135 802 2166 est
832 2125 957 2164 fidef·

378 2199 423 2250 ⁵)
453 2196 582 2236 Rom.
614 2193 686 2243 IV,
721 2194 784 2236 19.
816 2194 913 2234 coll.
944 2209 984 2250 p.
1017 2191 1104 2248 huj.
1129 2205 1218 2235 not.
1249 2193 1292 2235 4.

377 2267 423 2323 6)
455 2265 538 2306 Tit.
569 2264 600 2315 I,
633 2265 698 2307 13.

379 2338 426 2391 7)
455 2337 567 2376 Edd.
596 2334 658 2375 Μ.
693 2344 731 2374 et
759 2334 809 2374 R.
841 2333 925 2374 hoc
956 2334 1056 2375 loco
1092 2345 1131 2375 ct
1162 2334 1292 2390 paulo
1326 2347 1443 2390 post:
1474 2334 1688 2386 „infirma-

260 2410 328 2438 tur
357 2395 401 2437 in
432 2394 556 2434 fide.⁴‘
616 2389 703 2430 Cfr.
734 2407 774 2445 p.
806 2388 892 2446 huj.
923 2402 1011 2432 not.
1040 2392 1079 2431 4.

377 2463 424 2520 ὃ)
456 2462 583 2504 Rom.
614 2461 730 2509 XIV,
761 2464 797 2504 1.
828 2462 866 2502 2.
898 2462 994 2502 coll.
1023 2479 1067 2517 p,
1107 2461 1193 2518 huj.
1223 2472 1311 2502 not.
1344 2461 1381 2502 7.

375 2533 423 2588 ⁹)
454 2533 564 2573 Edd.
614 2530 789 2571 Meu-lini
829 2530 914 2571 hoc
972 2532 1096 2581 loco,
1141 2534 1215 2572 csr.
1259 2545 1352 2586 pag.
1383 2528 1472 2585 huj.
1503 2541 1591 2570 not.
1622 2529 1689 2570 11.

263 2592 550 2644 „manducare
581 2586 767 2627 omnia.“

355 2659 425 2715 ιο)
458 2658 546 2700 Cfr.
575 2670 669 2713 pag.
700 2652 787 2712 huj.
818 2667 908 2696 not.
936 2656 973 2698 7.

353 2730 426 2780 Η)
456 2729 566 2769 Edd.
606 2727 666 2768 M.
704 2737 745 2767 ct
789 2726 837 2766 R.
884 2726 965 2768 hoc
1003 2726 1130 2775 loco„
1174 2725 1244 2777 cfr,
1287 2739 1380 2780 pag,
1412 2724 1498 2781 huj,
1532 2736 1621 2767 not,
1651 2724 1689 2767 9,

264 2788 552 2840 „manducare
583 2783 766 2824 omnia.“

356 2856 427 2912 12)
458 2856 475 2895 Ι
511 2854 610 2897 Cor.
641 2853 694 2905 II,
736 2854 801 2897 15.
