1788 3111
498 125 936 168 COMMENTARJORUM
966 125 1055 167 Lm.
1086 125 1135 167 11.
1446 130 1528 173 123

111 240 196 282 Per
233 238 428 296 spiritum
470 250 610 280 autem
656 238 864 279 infirmari
901 240 1036 290 legem
1072 255 1296 294 nunquam
1342 239 1528 283 invenies

110 315 328 373 scriptum,
361 327 400 357 et
429 317 528 358 ideo
561 313 718 371 ‚,qui¹)
750 315 795 356 in
828 332 954 356 carne
981 327 1090 365 sunt,
1120 316 1217 357 Deo
1249 317 1418 372 placere
1439 335 1530 359 non

110 398 345 449 possunt:“
385 393 458 449 qui
487 404 624 434 autem
655 408 734 448 per
762 392 956 448 spiritum
988 404 1102 434 actus
1133 393 1270 434 carnis
1297 394 1530 435 mortifica-

114 470 270 520 verint,
312 487 403 512 non
432 471 572 512 solum
603 469 763 519 vivent,
799 471 873 511 sed
902 468 1063 526 judices
1093 481 1217 511 erunt
1244 486 1334 510 non
1365 481 1529 511 tantum

114 546 356 596 hominum,
384 547 458 589 sed
490 545 591 603 αἳ)
623 548 894 597 angelorum:
927 546 1084 602 quia3)
1114 547 1224 588 illius
1254 549 1344 590 laus
1375 548 1427 587 ab
1450 548 1531 588 ho-

111 624 300 665 minibus
340 635 418 673 est,
458 622 584 680 hujus
623 640 647 664 a
687 623 796 665 Deo.
868 623 987 665 Haec
1028 623 1201 679 quidem
1237 623 1346 664 dicta
1385 623 1469 664 sint
1508 640 1531 664 a

113 701 239 742 nobis
273 702 326 741 ad
357 701 697 756 explanationem
728 702 935 742 sermonis
964 699 1216 756 Apostolici‚
1247 716 1373 755 quem
1405 700 1533 741 disse-

114 794 209 818 rere
251 772 568 833 proposuimus.
643 778 742 818 Non
789 789 931 818 tamen
984 779 1280 833 importunum
1321 776 1534 817 videbitur

114 853 238 894 etiam
270 853 602 895 circumcisionis
632 854 761 909 ipsius
793 856 1029 906 generalem
1065 855 1273 896 discutere
1311 853 1533 903 rationem,

113 932 463 986 quandoquidem
497 932 550 971 de
581 947 629 971 ea
667 933 786 972 locus
815 931 904 987 ipse
939 930 1218 973 commonuit.
1276 932 1532 986 Repetamus

113 1006 257 1058 igitur,
297 1019 336 1048 et
376 1008 421 1049 in
451 1008 643 1049 medium
672 1011 966 1064 proferamus,
999 1008 1032 1049 si
1072 1025 1154 1064 qua
1191 1007 1236 1048 in
1269 1008 1359 1059 lego
1389 1010 1442 1049 de
1472 1024 1532 1057 ea,

112 1085 177 1124 vel
206 1084 250 1125 in
284 1084 514 1140 Scripturis
546 1086 716 1127 caeteris
755 1085 1042 1126 continentur.
1099 1083 1340 1125 Invenimus
1371 1083 1415 1124 in
1448 1083 1534 1125 Ge-

111 1160 200 1202 nesi
221 1162 423 1217 scriptum
446 1162 634 1217 primum
650 1160 695 1216 ⁴²)
722 1164 774 1203 de
801 1162 1122 1204 circumcisione
1140 1163 1405 1211 mandatum,
1436 1178 1533 1203 cum

114 1253 317 1292 responsa
348 1239 551 1280 darentur
592 1241 645 1280 ab
678 1241 896 1280 Abraham
937 1240 1021 1280 hoc
1058 1241 1217 1280 modo:
1256 1238 1392 1294 ,‚et⁵)
1432 1239 1535 1280 dixit

115 1313 232 1355 Deus
253 1316 306 1355 ad
328 1314 567 1355 Abraham:
596 1326 642 1354 tu
674 1326 812 1355 autem
841 1327 1134 1356 testamentum
1167 1333 1310 1356 meum
1339 1315 1534 1363 servabis,

118 1401 158 1430 et
188 1407 318 1431 omne
356 1407 500 1432 semen
538 1402 659 1431 tuum
689 1404 784 1446 post
823 1404 862 1432 te
901 1392 946 1432 in
986 1393 1277 1444 generationes
1314 1409 1418 1434 suas.
1479 1391 1534 1432 Et

115 1467 198 1507 hoc
228 1478 538 1517 testamentum,
569 1469 688 1522 quod
719 1468 906 1524 disposui
936 1469 1044 1510 inter
1072 1485 1141 1509 me
1175 1481 1213 1509 et
1240 1486 1327 1516 vos,
1358 1479 1398 1509 et
1425 1468 1535 1509 inter

113 1558 185 1583 me
215 1554 254 1583 et
269 1543 314 1597 6)
343 1543 454 1584 inter
481 1560 625 1586 semen
655 1556 775 1585 mum
806 1558 900 1601 post
922 1558 960 1586 te
984 1546 1027 1586 in
1053 1545 1342 1597 generationes
1363 1561 1534 1586 eorum:

115 1619 444 1661 circumcidetur
473 1637 603 1661 omne
631 1623 912 1663 masculinum
932 1634 1126 1672 vestrum,
1157 1634 1195 1663 et
1226 1622 1536 1663 circumcidetis

116 1713 286 1737 carnem
316 1696 529 1752 praeputii
559 1697 692 1747 vestri,
724 1709 762 1738 et
796 1699 873 1739 erit
901 1699 945 1740 in
975 1700 1139 1751 signum
1161 1699 1399 1740 testamenti
1426 1697 1537 1740 inter

115 1790 185 1814 me
215 1785 254 1814 et
282 1791 368 1815 vos.
425 1773 481 1814 Et
519 1790 626 1829 puer
666 1786 816 1816 octavo
850 1776 918 1818 die
961 1776 1287 1817 circumcidetur
1328 1777 1372 1816 in
1402 1776 1536 1826 vobis,

116 1850 254 1891 omnis
282 1851 494 1892 masculus
530 1851 576 1891 in
607 1852 948 1903 generationibus
986 1853 1147 1895 vestris:
1184 1855 1457 1902 vernaculus,
1498 1865 1538 1895 et

115 1928 299 1983 pecunia
328 1939 460 1969 emtus
491 1928 544 1968 ab
578 1928 778 1970 omnibus
815 1930 911 1972 filiis
941 1930 1293 1981 alienigenarum,
1335 1930 1408 1985 qui
1444 1948 1533 1971 non

116 2015 175 2045 est
205 2020 251 2044 ex
280 2005 440 2046 semine
468 2015 558 2055 tuo,
589 2005 912 2048 circumcisione
942 2007 1268 2048 circumcidetur
1288 2009 1535 2048 vernaculus

118 2082 271 2121 domus
289 2092 398 2130 tuae,
428 2091 467 2120 et
494 2082 675 2136 pecunia
708 2094 978 2138 comparatus
1010 2100 1032 2124 a
1062 2095 1122 2124 te:
1154 2095 1193 2123 et
1214 2083 1292 2124 erit
1310 2095 1534 2124 testamen-

115 2169 207 2198 tum
238 2174 383 2198 meum
411 2173 540 2212 super
571 2174 740 2199 carnem
770 2171 945 2199 vestram
977 2171 1273 2201 testamentum
1304 2172 1535 2201 aeternum.

116 2234 172 2274 Et
201 2233 519 2276 incircumcisus
548 2235 780 2286 masculus,
809 2235 881 2290 qui
910 2253 1002 2278 non
1031 2237 1158 2279 fuerit
1188 2237 1457 2280 circumcisus
1488 2235 1534 2277 in

233 2401 277 2457 Ι)
309 2401 434 2442 Rom.
464 2400 578 2450 VIII,
613 2402 793 2446 8.-13.

229 2470 277 2526 ²)
308 2471 439 2513 Deest
470 2478 558 2521 „et“
588 2472 633 2513 in
665 2474 729 2514 ed.
760 2474 818 2515 M.
848 2473 898 2513 II.
1043 2473 1064 2528 )
1097 2474 1224 2516 Rom.
1253 2474 1306 2524 II,
1334 2474 1400 2516 29.

232 2539 278 2595 4)
307 2541 416 2584 Edd.
447 2543 639 2583 Merlini:
671 2543 827 2598 primo.

233 2610 278 2664 5)
313 2610 462 2653 Genes.
493 2612 631 2662 XVII,
662 2615 689 2656 9
711 2615 846 2658 -14,

235 2679 281 2734 ⁶)
309 2681 388 2722 Ed.
410 2682 458 2723 R.
480 2682 523 2722 in
548 2695 678 2724 textu:
711 2696 776 2733 „et
804 2684 913 2725 inter
943 2685 1129 2725 medium
1163 2682 1330 2725 seminis
1362 2682 1421 2722 tui
1442 2694 1537 2737 post

121 2745 161 2774 te
190 2734 234 2774 in
264 2739 552 2786 generationes
583 2747 773 2789 ιὶοιᾞιη,ιι
804 2741 846 2781 in
878 2740 1008 2781 notis:
1038 2741 1122 2789 „sic
1146 2741 1242 2781 BIss.
1289 2738 1404 2780 Editi
1435 2755 1532 2778 vero

123 2789 181 2845 (e.
215 2806 248 2830 c.
281 2793 374 2833 edd.
406 2795 512 2847 Ma)
553 2807 590 2836 et
627 2796 735 2836 inter
764 2813 906 2837 semen
946 2807 1065 2836 tuum
1097 2808 1191 2850 post
1221 2807 1262 2840 te
1289 2794 1331 2835 in
1363 2810 1535 2845 gencra-

123 2846 239 2887 tione
271 2857 552 2892 sanctorum.“
613 2851 698 2892 Cfr.
732 2852 882 2895 Gcncs.
912 2853 1048 2901 XVH‚
1082 2856 1142 2897 10.
