<?xml version="1.0" encoding="UTF-8"?>
<!DOCTYPE html PUBLIC "-//W3C//DTD XHTML 1.0 Transitional//EN"
    "http://www.w3.org/TR/xhtml1/DTD/xhtml1-transitional.dtd">
<html xmlns="http://www.w3.org/1999/xhtml" xml:lang="en" lang="en">
 <head>
  <title>
</title>
<meta http-equiv="Content-Type" content="text/html;charset=utf-8" />
  <meta name='ocr-system' content='tesseract 3.04.00' />
  <meta name='ocr-capabilities' content='ocr_page ocr_carea ocr_par ocr_line ocrx_word'/>
</head>
<body>
  <div class='ocr_page' id='page_1' title='image "./operaomniaquaegr06orig/operaomniaquaegr06orig_0063.png"; bbox 0 0 1788 3111; ppageno 0'>
   <div class='ocr_carea' id='block_1_1' title="bbox 515 134 1535 181">
    <p class='ocr_par' dir='ltr' id='par_1_1' title="bbox 515 134 1535 181">
     <span class='ocr_line' id='line_1_1' title="bbox 515 134 1535 181; baseline 0 -4"><span class='ocrx_word' id='word_1_1' title='bbox 515 135 955 178; x_wconf 78' lang='lat' dir='ltr'><strong>COMMENTARIORUM</strong></span> <span class='ocrx_word' id='word_1_2' title='bbox 985 135 1075 178; x_wconf 78' lang='lat' dir='ltr'>Lm.</span> <span class='ocrx_word' id='word_1_3' title='bbox 1104 134 1136 177; x_wconf 91' lang='grc' dir='ltr'>Ι.</span> <span class='ocrx_word' id='word_1_4' title='bbox 1481 139 1535 181; x_wconf 87' lang='grc'>51</span> 
     </span>
    </p>
   </div>
   <div class='ocr_carea' id='block_1_2' title="bbox 105 247 1538 1829">
    <p class='ocr_par' dir='ltr' id='par_1_2' title="bbox 105 247 1538 1829">
     <span class='ocr_line' id='line_1_2' title="bbox 118 247 1535 304; baseline 0.003 -15"><span class='ocrx_word' id='word_1_5' title='bbox 118 247 380 304; x_wconf 82' lang='lat' dir='ltr'>serpentium</span> <span class='ocrx_word' id='word_1_6' title='bbox 413 248 695 291; x_wconf 87' lang='lat' dir='ltr'>insanabilis.“</span> <span class='ocrx_word' id='word_1_7' title='bbox 750 250 837 290; x_wconf 88' lang='lat' dir='ltr'>Aut</span> <span class='ocrx_word' id='word_1_8' title='bbox 874 249 984 290; x_wconf 84' lang='lat' dir='ltr'>sorte</span> <span class='ocrx_word' id='word_1_9' title='bbox 1015 249 1134 304; x_wconf 89' lang='lat' dir='ltr'>quod</span> <span class='ocrx_word' id='word_1_10' title='bbox 1175 247 1274 304; x_wconf 79' lang='lat' dir='ltr'>ipsi,</span> <span class='ocrx_word' id='word_1_11' title='bbox 1313 250 1535 293; x_wconf 86' lang='lat' dir='ltr'>adversum</span> 
     </span>
     <span class='ocr_line' id='line_1_3' title="bbox 119 325 1537 380; baseline 0.004 -15"><span class='ocrx_word' id='word_1_12' title='bbox 119 341 227 380; x_wconf 89' lang='lat' dir='ltr'>quos</span> <span class='ocrx_word' id='word_1_13' title='bbox 256 341 396 367; x_wconf 88' lang='lat' dir='ltr'>sermo</span> <span class='ocrx_word' id='word_1_14' title='bbox 429 325 642 377; x_wconf 83' lang='lat' dir='ltr'>dirigitur,</span> <span class='ocrx_word' id='word_1_15' title='bbox 681 342 771 367; x_wconf 89' lang='lat' dir='ltr'>non</span> <span class='ocrx_word' id='word_1_16' title='bbox 807 325 851 367; x_wconf 88' lang='lat' dir='ltr'>in</span> <span class='ocrx_word' id='word_1_17' title='bbox 889 326 1151 377; x_wconf 82' lang='lat' dir='ltr'>ignorantia,</span> <span class='ocrx_word' id='word_1_18' title='bbox 1189 327 1263 367; x_wconf 86' lang='lat' dir='ltr'>sed</span> <span class='ocrx_word' id='word_1_19' title='bbox 1292 327 1337 369; x_wconf 90' lang='lat' dir='ltr'>in</span> <span class='ocrx_word' id='word_1_20' title='bbox 1364 328 1537 370; x_wconf 86' lang='lat' dir='ltr'>scientia</span> 
     </span>
     <span class='ocr_line' id='line_1_4' title="bbox 118 400 1534 460; baseline 0.003 -19"><span class='ocrx_word' id='word_1_21' title='bbox 118 400 298 443; x_wconf 77' lang='lat' dir='ltr'>veritatis</span> <span class='ocrx_word' id='word_1_22' title='bbox 330 418 509 457; x_wconf 86' lang='lat' dir='ltr'>peccare</span> <span class='ocrx_word' id='word_1_23' title='bbox 539 401 750 452; x_wconf 90' lang='lat' dir='ltr'>dicuntur,</span> <span class='ocrx_word' id='word_1_24' title='bbox 783 402 881 444; x_wconf 84' lang='lat' dir='ltr'>ideo</span> <span class='ocrx_word' id='word_1_25' title='bbox 912 404 956 444; x_wconf 87' lang='lat' dir='ltr'>in</span> <span class='ocrx_word' id='word_1_26' title='bbox 992 419 1063 443; x_wconf 88' lang='lat' dir='ltr'>eos</span> <span class='ocrx_word' id='word_1_27' title='bbox 1094 401 1207 456; x_wconf 85' lang='lat' dir='ltr'>de¹)</span> <span class='ocrx_word' id='word_1_28' title='bbox 1239 404 1361 445; x_wconf 91' lang='lat' dir='ltr'>coelo</span> <span class='ocrx_word' id='word_1_29' title='bbox 1391 421 1534 460; x_wconf 89' lang='lat' dir='ltr'>poena</span> 
     </span>
     <span class='ocr_line' id='line_1_5' title="bbox 120 471 1534 530; baseline 0.004 -19"><span class='ocrx_word' id='word_1_30' title='bbox 120 471 332 523; x_wconf 84' lang='lat' dir='ltr'>dirigitur:</span> <span class='ocrx_word' id='word_1_31' title='bbox 364 473 463 513; x_wconf 87' lang='lat' dir='ltr'>inde</span> <span class='ocrx_word' id='word_1_32' title='bbox 491 472 604 513; x_wconf 87' lang='lat' dir='ltr'>enim</span> <span class='ocrx_word' id='word_1_33' title='bbox 634 489 874 527; x_wconf 86' lang='lat' dir='ltr'>poenarum</span> <span class='ocrx_word' id='word_1_34' title='bbox 896 472 1086 514; x_wconf 76' lang='lat' dir='ltr'>minister</span> <span class='ocrx_word' id='word_1_35' title='bbox 1101 472 1147 528; x_wconf 81' lang='grc'>2)</span> <span class='ocrx_word' id='word_1_36' title='bbox 1177 474 1330 530; x_wconf 83' lang='lat' dir='ltr'>accipit</span> <span class='ocrx_word' id='word_1_37' title='bbox 1350 487 1534 530; x_wconf 86' lang='lat' dir='ltr'>potesta-</span> 
     </span>
     <span class='ocr_line' id='line_1_6' title="bbox 116 548 1531 605; baseline 0.004 -16"><span class='ocrx_word' id='word_1_38' title='bbox 116 559 213 591; x_wconf 86' lang='lat' dir='ltr'><strong>tem.</strong></span> <span class='ocrx_word' id='word_1_39' title='bbox 271 549 351 589; x_wconf 78' lang='lat' dir='ltr'>Vel</span> <span class='ocrx_word' id='word_1_40' title='bbox 394 561 501 590; x_wconf 78' lang='lat' dir='ltr'>certe</span> <span class='ocrx_word' id='word_1_41' title='bbox 553 548 649 604; x_wconf 89' lang='lat' dir='ltr'>quia</span> <span class='ocrx_word' id='word_1_42' title='bbox 691 549 923 604; x_wconf 75' lang='lat' dir='ltr'>spiritualia</span> <span class='ocrx_word' id='word_1_43' title='bbox 943 549 987 605; x_wconf 78' lang='lat'>³)</span> <span class='ocrx_word' id='word_1_44' title='bbox 1030 549 1264 605; x_wconf 80' lang='lat' dir='ltr'>nequitiae,</span> <span class='ocrx_word' id='word_1_45' title='bbox 1311 553 1531 594; x_wconf 86' lang='lat' dir='ltr'>adversum</span> 
     </span>
     <span class='ocr_line' id='line_1_7' title="bbox 118 626 1533 680; baseline 0.004 -15"><span class='ocrx_word' id='word_1_46' title='bbox 118 641 226 680; x_wconf 85' lang='lat' dir='ltr'>quae</span> <span class='ocrx_word' id='word_1_47' title='bbox 255 626 380 666; x_wconf 84' lang='lat' dir='ltr'>nobis</span> <span class='ocrx_word' id='word_1_48' title='bbox 413 636 626 666; x_wconf 80' lang='lat' dir='ltr'>certamen</span> <span class='ocrx_word' id='word_1_49' title='bbox 645 638 714 675; x_wconf 78' lang='lat' dir='ltr'>est,</span> <span class='ocrx_word' id='word_1_50' title='bbox 745 627 788 667; x_wconf 92' lang='lat' dir='ltr'>in</span> <span class='ocrx_word' id='word_1_51' title='bbox 810 627 1059 668; x_wconf 84' lang='lat' dir='ltr'>coelestibus</span> <span class='ocrx_word' id='word_1_52' title='bbox 1081 643 1165 667; x_wconf 83' lang='lat' dir='ltr'>esse</span> <span class='ocrx_word' id='word_1_53' title='bbox 1186 628 1399 678; x_wconf 85' lang='lat' dir='ltr'>dicuntur,</span> <span class='ocrx_word' id='word_1_54' title='bbox 1430 645 1533 670; x_wconf 88' lang='lat' dir='ltr'>con-</span> 
     </span>
     <span class='ocr_line' id='line_1_8' title="bbox 114 695 1531 752; baseline 0.004 -16"><span class='ocrx_word' id='word_1_55' title='bbox 114 707 336 750; x_wconf 81' lang='lat' dir='ltr'>sequenter</span> <span class='ocrx_word' id='word_1_56' title='bbox 363 695 407 735; x_wconf 86' lang='lat' dir='ltr'>in</span> <span class='ocrx_word' id='word_1_57' title='bbox 440 712 523 746; x_wconf 87' lang='lat' dir='ltr'>eos,</span> <span class='ocrx_word' id='word_1_58' title='bbox 555 697 627 751; x_wconf 92' lang='lat' dir='ltr'>qui</span> <span class='ocrx_word' id='word_1_59' title='bbox 657 698 708 736; x_wconf 91' lang='lat' dir='ltr'>ab</span> <span class='ocrx_word' id='word_1_60' title='bbox 740 697 802 738; x_wconf 85' lang='lat' dir='ltr'>his</span> <span class='ocrx_word' id='word_1_61' title='bbox 830 708 1098 752; x_wconf 83' lang='lat' dir='ltr'>superantur,</span> <span class='ocrx_word' id='word_1_62' title='bbox 1128 697 1191 739; x_wconf 88' lang='lat' dir='ltr'>ira</span> <span class='ocrx_word' id='word_1_63' title='bbox 1212 697 1294 739; x_wconf 82' lang='lat' dir='ltr'>Dei</span> <span class='ocrx_word' id='word_1_64' title='bbox 1326 701 1378 740; x_wconf 85' lang='lat' dir='ltr'>de</span> <span class='ocrx_word' id='word_1_65' title='bbox 1407 701 1531 741; x_wconf 89' lang='lat' dir='ltr'>coelo</span> 
     </span>
     <span class='ocr_line' id='line_1_9' title="bbox 116 770 1531 830; baseline 0.006 -19"><span class='ocrx_word' id='word_1_66' title='bbox 116 771 270 812; x_wconf 88' lang='lat' dir='ltr'>dicitur</span> <span class='ocrx_word' id='word_1_67' title='bbox 296 770 493 828; x_wconf 86' lang='lat' dir='ltr'>jaculari:</span> <span class='ocrx_word' id='word_1_68' title='bbox 531 774 644 814; x_wconf 83' lang='lat' dir='ltr'>velut</span> <span class='ocrx_word' id='word_1_69' title='bbox 673 773 705 814; x_wconf 89' lang='lat' dir='ltr'>si</span> <span class='ocrx_word' id='word_1_70' title='bbox 736 774 947 824; x_wconf 83' lang='lat' dir='ltr'>dicamus,</span> <span class='ocrx_word' id='word_1_71' title='bbox 989 774 1088 830; x_wconf 89' lang='lat' dir='ltr'>quia</span> <span class='ocrx_word' id='word_1_72' title='bbox 1116 774 1246 825; x_wconf 87' lang='lat' dir='ltr'>ignita</span> <span class='ocrx_word' id='word_1_73' title='bbox 1275 775 1319 816; x_wconf 89' lang='lat' dir='ltr'>in</span> <span class='ocrx_word' id='word_1_74' title='bbox 1349 792 1420 818; x_wconf 93' lang='lat' dir='ltr'>eos</span> <span class='ocrx_word' id='word_1_75' title='bbox 1450 778 1531 819; x_wconf 83' lang='lat' dir='ltr'>tela</span> 
     </span>
     <span class='ocr_line' id='line_1_10' title="bbox 112 847 1532 907; baseline 0.006 -19"><span class='ocrx_word' id='word_1_76' title='bbox 112 847 215 889; x_wconf 84' lang='lat' dir='ltr'>inde</span> <span class='ocrx_word' id='word_1_77' title='bbox 245 848 477 899; x_wconf 85' lang='lat' dir='ltr'>vibrantur,</span> <span class='ocrx_word' id='word_1_78' title='bbox 509 849 605 906; x_wconf 72' lang='lat' dir='ltr'>et4)</span> <span class='ocrx_word' id='word_1_79' title='bbox 635 851 823 901; x_wconf 84' lang='lat' dir='ltr'>vulnera,</span> <span class='ocrx_word' id='word_1_80' title='bbox 854 852 925 906; x_wconf 88' lang='lat' dir='ltr'>qui</span> <span class='ocrx_word' id='word_1_81' title='bbox 954 851 997 892; x_wconf 90' lang='lat' dir='ltr'>in</span> <span class='ocrx_word' id='word_1_82' title='bbox 1018 862 1191 907; x_wconf 84' lang='lat' dir='ltr'>peccata</span> <span class='ocrx_word' id='word_1_83' title='bbox 1214 865 1403 904; x_wconf 86' lang='lat' dir='ltr'>currunt,</span> <span class='ocrx_word' id='word_1_84' title='bbox 1430 855 1532 896; x_wconf 91' lang='lat' dir='ltr'>inde</span> 
     </span>
     <span class='ocr_line' id='line_1_11' title="bbox 112 924 1530 984; baseline 0.004 -17"><span class='ocrx_word' id='word_1_85' title='bbox 112 924 362 981; x_wconf 85' lang='lat' dir='ltr'>suscipiunt:</span> <span class='ocrx_word' id='word_1_86' title='bbox 394 926 439 966; x_wconf 87' lang='lat' dir='ltr'>hi</span> <span class='ocrx_word' id='word_1_87' title='bbox 466 943 579 977; x_wconf 88' lang='lat' dir='ltr'>vero,</span> <span class='ocrx_word' id='word_1_88' title='bbox 611 928 683 983; x_wconf 91' lang='lat' dir='ltr'>qui</span> <span class='ocrx_word' id='word_1_89' title='bbox 714 929 841 969; x_wconf 89' lang='lat' dir='ltr'>totius</span> <span class='ocrx_word' id='word_1_90' title='bbox 862 928 1043 970; x_wconf 83' lang='lat' dir='ltr'>veritatis</span> <span class='ocrx_word' id='word_1_91' title='bbox 1067 941 1251 984; x_wconf 79' lang='lat' dir='ltr'>expertes</span> <span class='ocrx_word' id='word_1_92' title='bbox 1280 939 1388 981; x_wconf 88' lang='lat' dir='ltr'>sunt,</span> <span class='ocrx_word' id='word_1_93' title='bbox 1420 933 1530 973; x_wconf 85' lang='lat' dir='ltr'>velut</span> 
     </span>
     <span class='ocr_line' id='line_1_12' title="bbox 111 1001 1527 1060; baseline 0.006 -18"><span class='ocrx_word' id='word_1_94' title='bbox 111 1003 185 1058; x_wconf 89' lang='lat' dir='ltr'>qui</span> <span class='ocrx_word' id='word_1_95' title='bbox 214 1001 322 1044; x_wconf 89' lang='lat' dir='ltr'>nihil</span> <span class='ocrx_word' id='word_1_96' title='bbox 351 1003 596 1060; x_wconf 71' lang='lat' dir='ltr'>habeant5)</span> <span class='ocrx_word' id='word_1_97' title='bbox 638 1021 868 1047; x_wconf 86' lang='lat' dir='ltr'>commune</span> <span class='ocrx_word' id='word_1_98' title='bbox 908 1023 1005 1046; x_wconf 90' lang='lat' dir='ltr'>cum</span> <span class='ocrx_word' id='word_1_99' title='bbox 1038 1007 1160 1047; x_wconf 90' lang='lat' dir='ltr'>coelo</span> <span class='ocrx_word' id='word_1_100' title='bbox 1200 1018 1238 1047; x_wconf 89' lang='lat' dir='ltr'>et</span> <span class='ocrx_word' id='word_1_101' title='bbox 1268 1008 1384 1057; x_wconf 91' lang='lat' dir='ltr'>luce,</span> <span class='ocrx_word' id='word_1_102' title='bbox 1421 1009 1527 1051; x_wconf 85' lang='lat' dir='ltr'>iram</span> 
     </span>
     <span class='ocr_line' id='line_1_13' title="bbox 112 1079 1530 1138; baseline 0.006 -18"><span class='ocrx_word' id='word_1_103' title='bbox 112 1081 177 1120; x_wconf 90' lang='lat' dir='ltr'>vel</span> <span class='ocrx_word' id='word_1_104' title='bbox 217 1079 418 1121; x_wconf 83' lang='lat' dir='ltr'>vitiorum</span> <span class='ocrx_word' id='word_1_105' title='bbox 453 1098 652 1131; x_wconf 84' lang='lat' dir='ltr'>suorum,</span> <span class='ocrx_word' id='word_1_106' title='bbox 692 1082 1112 1138; x_wconf 75' lang='lat' dir='ltr'>passionumque,⁶)</span> <span class='ocrx_word' id='word_1_107' title='bbox 1153 1084 1217 1124; x_wconf 83' lang='lat' dir='ltr'>vel</span> <span class='ocrx_word' id='word_1_108' title='bbox 1254 1086 1530 1138; x_wconf 85' lang='lat' dir='ltr'>daemonum,</span> 
     </span>
     <span class='ocr_line' id='line_1_14' title="bbox 112 1156 1528 1216; baseline 0.006 -20"><span class='ocrx_word' id='word_1_109' title='bbox 112 1156 265 1212; x_wconf 89' lang='lat' dir='ltr'>quibus</span> <span class='ocrx_word' id='word_1_110' title='bbox 295 1173 338 1198; x_wconf 87' lang='lat' dir='ltr'>se</span> <span class='ocrx_word' id='word_1_111' title='bbox 366 1169 519 1213; x_wconf 85' lang='lat' dir='ltr'>sponte</span> <span class='ocrx_word' id='word_1_112' title='bbox 546 1159 852 1209; x_wconf 89' lang='lat' dir='ltr'>subdiderunt,</span> <span class='ocrx_word' id='word_1_113' title='bbox 894 1161 1126 1215; x_wconf 85' lang='lat' dir='ltr'>perferunt.</span> <span class='ocrx_word' id='word_1_114' title='bbox 1184 1160 1260 1211; x_wconf 85' lang='lat' dir='ltr'>„In</span> <span class='ocrx_word' id='word_1_115' title='bbox 1279 1161 1322 1216; x_wconf 89' lang='lat'>7)</span> <span class='ocrx_word' id='word_1_116' title='bbox 1353 1179 1528 1205; x_wconf 85' lang='lat' dir='ltr'>omnem</span> 
     </span>
     <span class='ocr_line' id='line_1_15' title="bbox 108 1233 1530 1294; baseline 0.006 -21"><span class='ocrx_word' id='word_1_117' title='bbox 108 1233 368 1290; x_wconf 85' lang='lat' dir='ltr'>impietatem</span> <span class='ocrx_word' id='word_1_118' title='bbox 403 1246 442 1275; x_wconf 88' lang='lat' dir='ltr'>et</span> <span class='ocrx_word' id='word_1_119' title='bbox 471 1234 736 1290; x_wconf 83' lang='lat' dir='ltr'>iniquitatem</span> <span class='ocrx_word' id='word_1_120' title='bbox 768 1236 1017 1287; x_wconf 86' lang='lat' dir='ltr'>hominum,</span> <span class='ocrx_word' id='word_1_121' title='bbox 1043 1237 1115 1294; x_wconf 86' lang='lat' dir='ltr'>qui</span> <span class='ocrx_word' id='word_1_122' title='bbox 1144 1238 1361 1281; x_wconf 78' lang='lat' dir='ltr'>veritatem</span> <span class='ocrx_word' id='word_1_123' title='bbox 1389 1240 1433 1281; x_wconf 90' lang='lat' dir='ltr'>in</span> <span class='ocrx_word' id='word_1_124' title='bbox 1461 1241 1530 1283; x_wconf 90' lang='lat' dir='ltr'>in-</span> 
     </span>
     <span class='ocr_line' id='line_1_16' title="bbox 107 1310 1528 1373; baseline 0.005 -22"><span class='ocrx_word' id='word_1_125' title='bbox 107 1310 283 1365; x_wconf 83' lang='lat' dir='ltr'>iquitate</span> <span class='ocrx_word' id='word_1_126' title='bbox 316 1310 542 1354; x_wconf 84' lang='lat' dir='ltr'>detinent.“</span> <span class='ocrx_word' id='word_1_127' title='bbox 586 1312 797 1368; x_wconf 77' lang='lat' dir='ltr'>Impietas,</span> <span class='ocrx_word' id='word_1_128' title='bbox 826 1313 871 1355; x_wconf 88' lang='lat' dir='ltr'>in</span> <span class='ocrx_word' id='word_1_129' title='bbox 893 1314 1034 1355; x_wconf 89' lang='lat' dir='ltr'>Deum</span> <span class='ocrx_word' id='word_1_130' title='bbox 1056 1331 1235 1370; x_wconf 82' lang='lat' dir='ltr'>peccare</span> <span class='ocrx_word' id='word_1_131' title='bbox 1269 1327 1347 1368; x_wconf 83' lang='lat' dir='ltr'>est3</span> <span class='ocrx_word' id='word_1_132' title='bbox 1372 1317 1528 1373; x_wconf 85' lang='lat' dir='ltr'>iniqui-—</span> 
     </span>
     <span class='ocr_line' id='line_1_17' title="bbox 107 1388 1528 1448; baseline 0.006 -21"><span class='ocrx_word' id='word_1_133' title='bbox 107 1398 181 1437; x_wconf 86' lang='lat' dir='ltr'>tas,</span> <span class='ocrx_word' id='word_1_134' title='bbox 211 1388 257 1429; x_wconf 87' lang='lat' dir='ltr'>in</span> <span class='ocrx_word' id='word_1_135' title='bbox 288 1388 494 1431; x_wconf 87' lang='lat' dir='ltr'>homines.</span> <span class='ocrx_word' id='word_1_136' title='bbox 542 1389 590 1429; x_wconf 86' lang='lat' dir='ltr'>In</span> <span class='ocrx_word' id='word_1_137' title='bbox 615 1389 756 1430; x_wconf 79' lang='lat' dir='ltr'>Deum</span> <span class='ocrx_word' id='word_1_138' title='bbox 782 1406 880 1441; x_wconf 87' lang='lat' dir='ltr'>ergo</span> <span class='ocrx_word' id='word_1_139' title='bbox 913 1402 952 1431; x_wconf 88' lang='lat' dir='ltr'>et</span> <span class='ocrx_word' id='word_1_140' title='bbox 981 1391 1087 1445; x_wconf 65' lang='lat' dir='ltr'>ins)</span> <span class='ocrx_word' id='word_1_141' title='bbox 1120 1392 1316 1433; x_wconf 87' lang='lat' dir='ltr'>homines</span> <span class='ocrx_word' id='word_1_142' title='bbox 1335 1406 1528 1448; x_wconf 83' lang='lat' dir='ltr'>peccant,</span> 
     </span>
     <span class='ocr_line' id='line_1_18' title="bbox 109 1463 1526 1522; baseline 0.005 -18"><span class='ocrx_word' id='word_1_143' title='bbox 109 1463 182 1520; x_wconf 85' lang='lat' dir='ltr'>qui</span> <span class='ocrx_word' id='word_1_144' title='bbox 230 1466 444 1506; x_wconf 86' lang='lat' dir='ltr'>veritatem</span> <span class='ocrx_word' id='word_1_145' title='bbox 491 1465 535 1506; x_wconf 88' lang='lat' dir='ltr'>in</span> <span class='ocrx_word' id='word_1_146' title='bbox 582 1466 801 1521; x_wconf 79' lang='lat' dir='ltr'>iniquitate</span> <span class='ocrx_word' id='word_1_147' title='bbox 852 1468 1052 1509; x_wconf 86' lang='lat' dir='ltr'>detinent.</span> <span class='ocrx_word' id='word_1_148' title='bbox 1127 1469 1269 1522; x_wconf 83' lang='lat' dir='ltr'>Quam</span> <span class='ocrx_word' id='word_1_149' title='bbox 1309 1468 1526 1511; x_wconf 84' lang='lat' dir='ltr'>veritatem</span> 
     </span>
     <span class='ocr_line' id='line_1_19' title="bbox 109 1541 1523 1595; baseline 0.005 -14"><span class='ocrx_word' id='word_1_150' title='bbox 109 1541 325 1593; x_wconf 86' lang='lat' dir='ltr'>agnovisse</span> <span class='ocrx_word' id='word_1_151' title='bbox 365 1543 566 1584; x_wconf 86' lang='lat' dir='ltr'>credendi</span> <span class='ocrx_word' id='word_1_152' title='bbox 605 1555 702 1584; x_wconf 87' lang='lat' dir='ltr'>sunt</span> <span class='ocrx_word' id='word_1_153' title='bbox 736 1544 931 1586; x_wconf 75' lang='lat' dir='ltr'>homines</span> <span class='ocrx_word' id='word_1_154' title='bbox 972 1545 1254 1595; x_wconf 81' lang='lat' dir='ltr'>naturalibus,</span> <span class='ocrx_word' id='word_1_155' title='bbox 1291 1558 1331 1586; x_wconf 88' lang='lat' dir='ltr'>et</span> <span class='ocrx_word' id='word_1_156' title='bbox 1368 1562 1390 1588; x_wconf 85' lang='lat' dir='ltr'>a</span> <span class='ocrx_word' id='word_1_157' title='bbox 1427 1546 1523 1588; x_wconf 86' lang='lat' dir='ltr'>Deo</span> 
     </span>
     <span class='ocr_line' id='line_1_20' title="bbox 107 1618 1538 1677; baseline 0.006 -19"><span class='ocrx_word' id='word_1_158' title='bbox 107 1619 274 1659; x_wconf 82' lang='lat' dir='ltr'>animae</span> <span class='ocrx_word' id='word_1_159' title='bbox 318 1618 448 1660; x_wconf 83' lang='lat' dir='ltr'>insitis</span> <span class='ocrx_word' id='word_1_160' title='bbox 497 1619 750 1661; x_wconf 82' lang='lat' dir='ltr'>rationibus:</span> <span class='ocrx_word' id='word_1_161' title='bbox 803 1620 956 1676; x_wconf 84' lang='lat' dir='ltr'>quibus</span> <span class='ocrx_word' id='word_1_162' title='bbox 983 1620 1028 1675; x_wconf 79' lang='grc'>9)</span> <span class='ocrx_word' id='word_1_163' title='bbox 1066 1632 1230 1661; x_wconf 89' lang='lat' dir='ltr'>tantum</span> <span class='ocrx_word' id='word_1_164' title='bbox 1272 1624 1538 1677; x_wconf 25' lang='lat' dir='ltr'>prudentiae.</span> 
     </span>
     <span class='ocr_line' id='line_1_21' title="bbox 107 1697 1525 1757; baseline 0.005 -21"><span class='ocrx_word' id='word_1_165' title='bbox 107 1711 352 1737; x_wconf 87' lang='lat' dir='ltr'>concessum</span> <span class='ocrx_word' id='word_1_166' title='bbox 398 1707 477 1746; x_wconf 90' lang='lat' dir='ltr'>est,</span> <span class='ocrx_word' id='word_1_167' title='bbox 519 1708 566 1737; x_wconf 87' lang='lat' dir='ltr'>ut</span> <span class='ocrx_word' id='word_1_168' title='bbox 609 1698 724 1752; x_wconf 87' lang='lat' dir='ltr'>quod</span> <span class='ocrx_word' id='word_1_169' title='bbox 765 1709 918 1738; x_wconf 87' lang='lat' dir='ltr'>notum</span> <span class='ocrx_word' id='word_1_170' title='bbox 958 1709 1015 1738; x_wconf 83' lang='lat' dir='ltr'>est</span> <span class='ocrx_word' id='word_1_171' title='bbox 1052 1697 1157 1747; x_wconf 83' lang='lat' dir='ltr'>Dei,</span> <span class='ocrx_word' id='word_1_172' title='bbox 1198 1698 1243 1740; x_wconf 84' lang='lat' dir='ltr'>id</span> <span class='ocrx_word' id='word_1_173' title='bbox 1286 1711 1364 1751; x_wconf 86' lang='lat' dir='ltr'>est,</span> <span class='ocrx_word' id='word_1_174' title='bbox 1405 1704 1525 1757; x_wconf 88' lang='lat' dir='ltr'>quod</span> 
     </span>
     <span class='ocr_line' id='line_1_22' title="bbox 105 1771 1524 1829; baseline 0.005 -16"><span class='ocrx_word' id='word_1_175' title='bbox 105 1772 276 1824; x_wconf 80' lang='lat' dir='ltr'>agnosci</span> <span class='ocrx_word' id='word_1_176' title='bbox 306 1774 358 1814; x_wconf 91' lang='lat' dir='ltr'>de</span> <span class='ocrx_word' id='word_1_177' title='bbox 381 1772 478 1814; x_wconf 88' lang='lat' dir='ltr'>Deo</span> <span class='ocrx_word' id='word_1_178' title='bbox 510 1785 649 1829; x_wconf 87' lang='lat' dir='ltr'>potest</span> <span class='ocrx_word' id='word_1_179' title='bbox 677 1790 756 1829; x_wconf 83' lang='lat' dir='ltr'>per</span> <span class='ocrx_word' id='word_1_180' title='bbox 787 1771 1076 1829; x_wconf 84' lang='lat' dir='ltr'>conjecturam</span> <span class='ocrx_word' id='word_1_181' title='bbox 1110 1787 1340 1827; x_wconf 80' lang='lat' dir='ltr'>creaturae,</span> <span class='ocrx_word' id='word_1_182' title='bbox 1371 1793 1418 1818; x_wconf 86' lang='lat' dir='ltr'>ex</span> <span class='ocrx_word' id='word_1_183' title='bbox 1447 1779 1524 1828; x_wconf 84' lang='lat' dir='ltr'>his,</span> 
     </span>
    </p>
   </div>
   <div class='ocr_carea' id='block_1_3' title="bbox 103 1849 1524 1906">
    <p class='ocr_par' dir='ltr' id='par_1_3' title="bbox 103 1849 1524 1906">
     <span class='ocr_line' id='line_1_23' title="bbox 103 1849 1524 1906; baseline 0.005 -16"><span class='ocrx_word' id='word_1_184' title='bbox 103 1865 212 1904; x_wconf 88' lang='lat' dir='ltr'>quae</span> <span class='ocrx_word' id='word_1_185' title='bbox 240 1850 373 1891; x_wconf 89' lang='lat' dir='ltr'>videri</span> <span class='ocrx_word' id='word_1_186' title='bbox 406 1862 595 1905; x_wconf 89' lang='lat' dir='ltr'>possunt,</span> <span class='ocrx_word' id='word_1_187' title='bbox 631 1851 854 1892; x_wconf 83' lang='lat' dir='ltr'>invisibilia</span> <span class='ocrx_word' id='word_1_188' title='bbox 887 1849 973 1906; x_wconf 78' lang='lat' dir='ltr'>ejus</span> <span class='ocrx_word' id='word_1_189' title='bbox 1002 1865 1290 1903; x_wconf 82' lang='lat' dir='ltr'>agnoscerent.</span> <span class='ocrx_word' id='word_1_190' title='bbox 1346 1854 1445 1896; x_wconf 88' lang='lat' dir='ltr'>Hoc</span> <span class='ocrx_word' id='word_1_191' title='bbox 1476 1872 1524 1897; x_wconf 85' lang='lat' dir='ltr'>ex</span> 
     </span>
    </p>
   </div>
   <div class='ocr_carea' id='block_1_4' title="bbox 215 1967 1196 2094">
    <p class='ocr_par' dir='ltr' id='par_1_4' title="bbox 215 1967 1196 2094">
     <span class='ocr_line' id='line_1_24' title="bbox 222 1967 1051 2024; baseline 0.004 -16"><span class='ocrx_word' id='word_1_192' title='bbox 222 1967 266 2023; x_wconf 74' lang='grc'>1)</span> <span class='ocrx_word' id='word_1_193' title='bbox 295 1968 404 2009; x_wconf 89' lang='lat' dir='ltr'>Edd.</span> <span class='ocrx_word' id='word_1_194' title='bbox 436 1969 628 2009; x_wconf 82' lang='lat' dir='ltr'>Merlini:</span> <span class='ocrx_word' id='word_1_195' title='bbox 660 1986 798 2024; x_wconf 77' lang='lat' dir='ltr'>poena</span> <span class='ocrx_word' id='word_1_196' title='bbox 831 1971 883 2010; x_wconf 84' lang='lat' dir='ltr'>de</span> <span class='ocrx_word' id='word_1_197' title='bbox 916 1972 1051 2012; x_wconf 82' lang='lat' dir='ltr'>coelo.</span> 
     </span>
     <span class='ocr_line' id='line_1_25' title="bbox 215 2037 1196 2094; baseline 0.005 -16"><span class='ocrx_word' id='word_1_198' title='bbox 215 2037 262 2091; x_wconf 81' lang='grc'>2)</span> <span class='ocrx_word' id='word_1_199' title='bbox 290 2037 408 2079; x_wconf 88' lang='lat' dir='ltr'>Editi</span> <span class='ocrx_word' id='word_1_200' title='bbox 438 2041 496 2094; x_wconf 81' lang='lat' dir='ltr'>(e.</span> <span class='ocrx_word' id='word_1_201' title='bbox 528 2056 561 2080; x_wconf 86' lang='lat' dir='ltr'>c.</span> <span class='ocrx_word' id='word_1_202' title='bbox 595 2040 689 2079; x_wconf 79' lang='lat' dir='ltr'>edd.</span> <span class='ocrx_word' id='word_1_203' title='bbox 721 2039 825 2088; x_wconf 48' lang='lat' dir='ltr'>NJ:</span> <span class='ocrx_word' id='word_1_204' title='bbox 856 2042 1116 2091; x_wconf 85' lang='lat' dir='ltr'>„magister.“</span> <span class='ocrx_word' id='word_1_205' title='bbox 1147 2041 1196 2083; x_wconf 85' lang='lat' dir='ltr'>R.</span> 
     </span>
    </p>
   </div>
   <div class='ocr_carea' id='block_1_5' title="bbox 101 2105 1521 2221">
    <p class='ocr_par' dir='ltr' id='par_1_5' title="bbox 101 2105 1521 2221">
     <span class='ocr_line' id='line_1_26' title="bbox 218 2105 1521 2167; baseline 0.006 -21"><span class='ocrx_word' id='word_1_206' title='bbox 218 2105 264 2160; x_wconf 79' lang='lat'>³)</span> <span class='ocrx_word' id='word_1_207' title='bbox 298 2106 412 2148; x_wconf 76' lang='lat' dir='ltr'>Editi</span> <span class='ocrx_word' id='word_1_208' title='bbox 440 2109 498 2164; x_wconf 81' lang='lat' dir='ltr'>(e.</span> <span class='ocrx_word' id='word_1_209' title='bbox 531 2127 564 2150; x_wconf 90' lang='lat' dir='ltr'>c.</span> <span class='ocrx_word' id='word_1_210' title='bbox 597 2110 691 2149; x_wconf 82' lang='lat' dir='ltr'>edd.</span> <span class='ocrx_word' id='word_1_211' title='bbox 724 2109 830 2164; x_wconf 79' lang='lat' dir='ltr'>M.):</span> <span class='ocrx_word' id='word_1_212' title='bbox 872 2111 1142 2164; x_wconf 77' lang='lat' dir='ltr'>„spirituales</span> <span class='ocrx_word' id='word_1_213' title='bbox 1171 2111 1406 2167; x_wconf 85' lang='lat' dir='ltr'>nequitiae,</span> <span class='ocrx_word' id='word_1_214' title='bbox 1446 2113 1521 2154; x_wconf 85' lang='lat' dir='ltr'>ad-</span> 
     </span>
     <span class='ocr_line' id='line_1_27' title="bbox 101 2164 1203 2221; baseline 0.007 -21"><span class='ocrx_word' id='word_1_215' title='bbox 101 2177 265 2203; x_wconf 88' lang='lat' dir='ltr'>versum</span> <span class='ocrx_word' id='word_1_216' title='bbox 299 2170 425 2217; x_wconf 87' lang='lat' dir='ltr'>quas“</span> <span class='ocrx_word' id='word_1_217' title='bbox 458 2178 534 2205; x_wconf 87' lang='lat' dir='ltr'>etc.</span> <span class='ocrx_word' id='word_1_218' title='bbox 568 2164 615 2205; x_wconf 83' lang='lat' dir='ltr'>R.</span> <span class='ocrx_word' id='word_1_219' title='bbox 649 2189 700 2195; x_wconf 89' lang='lat'>——</span> <span class='ocrx_word' id='word_1_220' title='bbox 735 2165 819 2207; x_wconf 79' lang='lat' dir='ltr'>Cfr.</span> <span class='ocrx_word' id='word_1_221' title='bbox 851 2165 1006 2221; x_wconf 86' lang='lat' dir='ltr'>Ephes.</span> <span class='ocrx_word' id='word_1_222' title='bbox 1036 2167 1107 2215; x_wconf 86' lang='lat' dir='ltr'>Vl,</span> <span class='ocrx_word' id='word_1_223' title='bbox 1139 2170 1203 2211; x_wconf 78' lang='grc'>12.</span> 
     </span>
    </p>
   </div>
   <div class='ocr_carea' id='block_1_6' title="bbox 101 2231 1519 2399">
    <p class='ocr_par' dir='ltr' id='par_1_6' title="bbox 101 2231 1519 2399">
     <span class='ocr_line' id='line_1_28' title="bbox 217 2231 1519 2293; baseline 0.005 -20"><span class='ocrx_word' id='word_1_224' title='bbox 217 2231 262 2286; x_wconf 70' lang='lat'>⁴)</span> <span class='ocrx_word' id='word_1_225' title='bbox 292 2233 372 2273; x_wconf 89' lang='lat' dir='ltr'>Ed.</span> <span class='ocrx_word' id='word_1_226' title='bbox 405 2234 453 2275; x_wconf 80' lang='lat' dir='ltr'>R.</span> <span class='ocrx_word' id='word_1_227' title='bbox 482 2234 527 2274; x_wconf 84' lang='lat' dir='ltr'>in</span> <span class='ocrx_word' id='word_1_228' title='bbox 557 2246 689 2274; x_wconf 77' lang='lat' dir='ltr'>textu:</span> <span class='ocrx_word' id='word_1_229' title='bbox 732 2246 805 2283; x_wconf 88' lang='lat' dir='ltr'>„et</span> <span class='ocrx_word' id='word_1_230' title='bbox 844 2236 1038 2285; x_wconf 85' lang='lat' dir='ltr'>vulnera,</span> <span class='ocrx_word' id='word_1_231' title='bbox 1080 2237 1234 2290; x_wconf 84' lang='lat' dir='ltr'>quibus</span> <span class='ocrx_word' id='word_1_232' title='bbox 1270 2236 1316 2278; x_wconf 86' lang='lat' dir='ltr'>in</span> <span class='ocrx_word' id='word_1_233' title='bbox 1346 2250 1519 2293; x_wconf 82' lang='lat' dir='ltr'>peccata</span> 
     </span>
     <span class='ocr_line' id='line_1_29' title="bbox 102 2289 1517 2352; baseline 0.005 -25"><span class='ocrx_word' id='word_1_234' title='bbox 102 2295 332 2337; x_wconf 85' lang='lat' dir='ltr'>currunt,“</span> <span class='ocrx_word' id='word_1_235' title='bbox 372 2289 415 2330; x_wconf 88' lang='lat' dir='ltr'>in</span> <span class='ocrx_word' id='word_1_236' title='bbox 453 2290 584 2331; x_wconf 88' lang='lat' dir='ltr'>notis:</span> <span class='ocrx_word' id='word_1_237' title='bbox 628 2290 754 2339; x_wconf 78' lang='lat' dir='ltr'>„editi</span> <span class='ocrx_word' id='word_1_238' title='bbox 787 2291 844 2346; x_wconf 79' lang='lat' dir='ltr'>(e.</span> <span class='ocrx_word' id='word_1_239' title='bbox 878 2308 911 2332; x_wconf 81' lang='lat' dir='ltr'>e.</span> <span class='ocrx_word' id='word_1_240' title='bbox 945 2293 1039 2333; x_wconf 75' lang='lat' dir='ltr'>edd,</span> <span class='ocrx_word' id='word_1_241' title='bbox 1071 2291 1178 2348; x_wconf 83' lang='grc' dir='ltr'>Μ.);</span> <span class='ocrx_word' id='word_1_242' title='bbox 1222 2304 1266 2334; x_wconf 75' lang='lat' dir='ltr'>et</span> <span class='ocrx_word' id='word_1_243' title='bbox 1306 2294 1517 2352; x_wconf 74' lang='lat' dir='ltr'>vulnera,</span> 
     </span>
     <span class='ocr_line' id='line_1_30' title="bbox 101 2345 738 2399; baseline 0.005 -16"><span class='ocrx_word' id='word_1_244' title='bbox 101 2345 179 2399; x_wconf 82' lang='lat' dir='ltr'>qui</span> <span class='ocrx_word' id='word_1_245' title='bbox 211 2345 257 2384; x_wconf 83' lang='lat' dir='ltr'>in</span> <span class='ocrx_word' id='word_1_246' title='bbox 288 2357 482 2399; x_wconf 78' lang='lat' dir='ltr'>peccato</span> <span class='ocrx_word' id='word_1_247' title='bbox 515 2352 738 2386; x_wconf 73' lang='lat' dir='ltr'>currunc.“</span> 
     </span>
    </p>
   </div>
   <div class='ocr_carea' id='block_1_7' title="bbox 216 2413 1515 2614">
    <p class='ocr_par' dir='ltr' id='par_1_7' title="bbox 216 2413 1515 2614">
     <span class='ocr_line' id='line_1_31' title="bbox 218 2413 832 2469; baseline 0.005 -14"><span class='ocrx_word' id='word_1_248' title='bbox 218 2413 262 2469; x_wconf 80' lang='lat'>⁵)</span> <span class='ocrx_word' id='word_1_249' title='bbox 294 2414 404 2456; x_wconf 83' lang='lat' dir='ltr'>Edd.</span> <span class='ocrx_word' id='word_1_250' title='bbox 435 2415 630 2457; x_wconf 84' lang='lat' dir='ltr'>Merlini:</span> <span class='ocrx_word' id='word_1_251' title='bbox 662 2416 832 2463; x_wconf 79' lang='lat' dir='ltr'>habent.</span> 
     </span>
     <span class='ocr_line' id='line_1_32' title="bbox 216 2483 923 2542; baseline 0.004 -18"><span class='ocrx_word' id='word_1_252' title='bbox 216 2483 262 2537; x_wconf 78' lang='lat'>⁴⁵)</span> <span class='ocrx_word' id='word_1_253' title='bbox 298 2484 407 2526; x_wconf 84' lang='lat' dir='ltr'>Edd.</span> <span class='ocrx_word' id='word_1_254' title='bbox 438 2486 633 2527; x_wconf 67' lang='lat' dir='ltr'>Mei-lini:</span> <span class='ocrx_word' id='word_1_255' title='bbox 662 2486 923 2542; x_wconf 83' lang='lat' dir='ltr'>passionum.</span> 
     </span>
     <span class='ocr_line' id='line_1_33' title="bbox 217 2553 1515 2614; baseline 0.006 -21"><span class='ocrx_word' id='word_1_256' title='bbox 217 2553 261 2608; x_wconf 79' lang='lat'>⁷)</span> <span class='ocrx_word' id='word_1_257' title='bbox 292 2553 416 2596; x_wconf 86' lang='lat' dir='ltr'>Rom.</span> <span class='ocrx_word' id='word_1_258' title='bbox 439 2556 470 2606; x_wconf 89' lang='lat' dir='ltr'>I,</span> <span class='ocrx_word' id='word_1_259' title='bbox 487 2557 551 2599; x_wconf 86' lang='lat'>18.</span> <span class='ocrx_word' id='word_1_260' title='bbox 584 2581 635 2588; x_wconf 90' lang='lat'>-—</span> <span class='ocrx_word' id='word_1_261' title='bbox 665 2555 776 2597; x_wconf 87' lang='lat' dir='ltr'>Edd.</span> <span class='ocrx_word' id='word_1_262' title='bbox 796 2555 968 2597; x_wconf 81' lang='lat' dir='ltr'>Merlini</span> <span class='ocrx_word' id='word_1_263' title='bbox 990 2557 1027 2597; x_wconf 83' lang='lat' dir='ltr'>h.</span> <span class='ocrx_word' id='word_1_264' title='bbox 1046 2557 1084 2606; x_wconf 93' lang='lat' dir='ltr'>l.,</span> <span class='ocrx_word' id='word_1_265' title='bbox 1116 2559 1190 2599; x_wconf 90' lang='lat' dir='ltr'>cfr.</span> <span class='ocrx_word' id='word_1_266' title='bbox 1213 2576 1255 2614; x_wconf 91' lang='lat' dir='ltr'>p.</span> <span class='ocrx_word' id='word_1_267' title='bbox 1275 2559 1341 2602; x_wconf 87' lang='grc'>48.</span> <span class='ocrx_word' id='word_1_268' title='bbox 1371 2572 1459 2601; x_wconf 92' lang='lat' dir='ltr'>not.</span> <span class='ocrx_word' id='word_1_269' title='bbox 1477 2561 1515 2603; x_wconf 89' lang='grc'>9.</span> 
     </span>
    </p>
   </div>
   <div class='ocr_carea' id='block_1_8' title="bbox 99 2607 1516 2723">
    <p class='ocr_par' dir='ltr' id='par_1_8' title="bbox 99 2607 1516 2723">
     <span class='ocr_line' id='line_1_34' title="bbox 99 2607 1516 2670; baseline 0.006 -22"><span class='ocrx_word' id='word_1_270' title='bbox 99 2607 171 2657; x_wconf 86' lang='lat' dir='ltr'>„In</span> <span class='ocrx_word' id='word_1_271' title='bbox 205 2626 378 2651; x_wconf 87' lang='lat' dir='ltr'>omnem</span> <span class='ocrx_word' id='word_1_272' title='bbox 409 2612 666 2668; x_wconf 84' lang='lat' dir='ltr'>impietatem</span> <span class='ocrx_word' id='word_1_273' title='bbox 696 2613 935 2663; x_wconf 86' lang='lat' dir='ltr'>hominum,</span> <span class='ocrx_word' id='word_1_274' title='bbox 967 2625 1006 2653; x_wconf 75' lang='lat' dir='ltr'>et</span> <span class='ocrx_word' id='word_1_275' title='bbox 1033 2613 1314 2669; x_wconf 85' lang='lat' dir='ltr'>iniquitatem,</span> <span class='ocrx_word' id='word_1_276' title='bbox 1345 2617 1416 2670; x_wconf 84' lang='lat' dir='ltr'>qui</span> <span class='ocrx_word' id='word_1_277' title='bbox 1447 2633 1516 2657; x_wconf 84' lang='lat' dir='ltr'>ve-</span> 
     </span>
     <span class='ocr_line' id='line_1_35' title="bbox 99 2663 832 2723; baseline 0.005 -19"><span class='ocrx_word' id='word_1_278' title='bbox 99 2663 259 2706; x_wconf 83' lang='lat' dir='ltr'>ritatem</span> <span class='ocrx_word' id='word_1_279' title='bbox 294 2667 376 2707; x_wconf 83' lang='lat' dir='ltr'>Dei</span> <span class='ocrx_word' id='word_1_280' title='bbox 405 2668 448 2709; x_wconf 85' lang='lat' dir='ltr'>in</span> <span class='ocrx_word' id='word_1_281' title='bbox 479 2669 722 2723; x_wconf 83' lang='lat' dir='ltr'>iniquitate“</span> <span class='ocrx_word' id='word_1_282' title='bbox 756 2681 832 2709; x_wconf 87' lang='lat' dir='ltr'>etc.</span> 
     </span>
    </p>
   </div>
   <div class='ocr_carea' id='block_1_9' title="bbox 212 2734 1515 2866">
    <p class='ocr_par' dir='ltr' id='par_1_9' title="bbox 212 2734 1515 2866">
     <span class='ocr_line' id='line_1_36' title="bbox 212 2734 957 2790; baseline 0.007 -15"><span class='ocrx_word' id='word_1_283' title='bbox 212 2734 258 2790; x_wconf 80' lang='grc'>8)</span> <span class='ocrx_word' id='word_1_284' title='bbox 291 2736 419 2779; x_wconf 89' lang='lat' dir='ltr'>Deest</span> <span class='ocrx_word' id='word_1_285' title='bbox 449 2739 544 2788; x_wconf 86' lang='lat' dir='ltr'>‚,in“</span> <span class='ocrx_word' id='word_1_286' title='bbox 568 2738 611 2779; x_wconf 88' lang='lat' dir='ltr'>in</span> <span class='ocrx_word' id='word_1_287' title='bbox 646 2741 741 2780; x_wconf 87' lang='lat' dir='ltr'>edd.</span> <span class='ocrx_word' id='word_1_288' title='bbox 771 2738 957 2780; x_wconf 86' lang='lat' dir='ltr'>Merlini.</span> 
     </span>
     <span class='ocr_line' id='line_1_37' title="bbox 213 2803 1515 2866; baseline 0.005 -22"><span class='ocrx_word' id='word_1_289' title='bbox 213 2803 258 2858; x_wconf 81' lang='lat'>9)</span> <span class='ocrx_word' id='word_1_290' title='bbox 292 2805 363 2845; x_wconf 89' lang='lat' dir='ltr'>Sic</span> <span class='ocrx_word' id='word_1_291' title='bbox 390 2823 535 2849; x_wconf 89' lang='lat' dir='ltr'>omnes</span> <span class='ocrx_word' id='word_1_292' title='bbox 559 2808 656 2850; x_wconf 82' lang='lat' dir='ltr'>Mss.</span> <span class='ocrx_word' id='word_1_293' title='bbox 701 2808 817 2849; x_wconf 89' lang='lat' dir='ltr'>Editi</span> <span class='ocrx_word' id='word_1_294' title='bbox 847 2825 945 2849; x_wconf 81' lang='lat' dir='ltr'>vero</span> <span class='ocrx_word' id='word_1_295' title='bbox 978 2810 1034 2864; x_wconf 86' lang='lat' dir='ltr'>(e.</span> <span class='ocrx_word' id='word_1_296' title='bbox 1066 2826 1101 2850; x_wconf 88' lang='lat' dir='ltr'>c.</span> <span class='ocrx_word' id='word_1_297' title='bbox 1133 2810 1227 2852; x_wconf 85' lang='lat' dir='ltr'>edd.</span> <span class='ocrx_word' id='word_1_298' title='bbox 1259 2809 1364 2866; x_wconf 85' lang='lat' dir='ltr'>M.):</span> <span class='ocrx_word' id='word_1_299' title='bbox 1395 2809 1515 2866; x_wconf 86' lang='lat' dir='ltr'>„qui-</span> 
     </span>
    </p>
   </div>
   <div class='ocr_carea' id='block_1_10' title="bbox 95 2859 910 2919">
    <p class='ocr_par' dir='ltr' id='par_1_10' title="bbox 95 2859 910 2919">
     <span class='ocr_line' id='line_1_38' title="bbox 95 2859 910 2919; baseline 0.009 -21"><span class='ocrx_word' id='word_1_300' title='bbox 95 2859 174 2900; x_wconf 86' lang='lat' dir='ltr'>bus</span> <span class='ocrx_word' id='word_1_301' title='bbox 204 2870 344 2901; x_wconf 85' lang='lat' dir='ltr'>tamen</span> <span class='ocrx_word' id='word_1_302' title='bbox 374 2861 419 2903; x_wconf 89' lang='lat' dir='ltr'>id</span> <span class='ocrx_word' id='word_1_303' title='bbox 448 2865 725 2919; x_wconf 84' lang='lat' dir='ltr'>prudentiae“</span> <span class='ocrx_word' id='word_1_304' title='bbox 757 2875 829 2907; x_wconf 83' lang='lat' dir='ltr'>etc.</span> <span class='ocrx_word' id='word_1_305' title='bbox 862 2866 910 2906; x_wconf 85' lang='lat' dir='ltr'>R.</span> 
     </span>
    </p>
   </div>
   <div class='ocr_carea' id='block_1_11' title="bbox 1190 2935 1260 2977">
    <p class='ocr_par' dir='ltr' id='par_1_11' title="bbox 1190 2935 1260 2977">
     <span class='ocr_line' id='line_1_39' title="bbox 1190 2935 1260 2977; baseline 0 -11"><span class='ocrx_word' id='word_1_306' title='bbox 1190 2935 1260 2977; x_wconf 69' lang='lat'>4*</span> 
     </span>
    </p>
   </div>
  </div>
 </body>
</html>
