1788 3111
534 115 975 158 COMMENrAmoRUM
1005 115 1096 156 Lm.
1124 114 1174 155 Π.
1507 115 1564 158 93

144 227 245 267 Non
289 227 588 283 obtemperare
633 240 771 270 autern
821 226 1005 277 Christo,
1051 226 1123 283 qui
1160 225 1314 284 justitia
1357 238 1436 276 est,
1480 227 1563 268 hoc

144 315 203 344 est
240 303 538 361 obtemperare
578 304 811 360 iniquitati,
859 303 958 359 οῖ’)
1000 304 1062 344 his
1103 302 1286 354 actibus,
1333 321 1437 360 quos
1474 305 1563 346 sine

144 379 278 421 dubio
345 393 665 438 consequuntur
720 383 812 430 illa,
873 396 982 436 quae
1023 382 1177 435 scripta
1223 392 1342 421 sunt:
1401 382 1494 432 „ira
1515 381 1561 437 2)

144 467 184 496 et
236 457 492 511 indignatio,
550 457 767 499 tribulatio
816 469 855 499 et
904 458 1138 509 angustia.“
1224 457 1293 497 De
1334 456 1396 498 ira
1439 474 1565 514 saepe

143 532 228 589 jam
261 534 460 584 diximus,
500 537 623 590 quod
661 535 876 576 interdum
908 534 1020 589 ipse,
1061 533 1133 589 qui
1173 549 1220 574 ex
1257 534 1420 589 peccati
1459 551 1563 576 con—

145 611 316 652 scientia
357 611 523 653 animae
568 612 774 653 incutitur
817 611 1046 659 cruciatus,
1092 610 1152 651 ira
1197 612 1454 666 appelletur:
1498 614 1563 651 in-

147 687 330 738 dignatio
363 700 527 739 autem,
566 689 697 745 ipsius
727 688 814 729 irae
842 687 1049 742 tumor3)
1089 687 1262 743 quidam
1293 687 1564 737 significatur,

146 775 184 803 et
221 779 300 818 per
335 766 497 816 singula
543 782 736 822 quaeque
774 765 1034 807 commotio:
1079 776 1127 805 ut
1163 764 1218 813 si,
1265 763 1383 803 verbi
1423 763 1566 817 gratia,

146 841 295 881 vulnus
341 841 517 896 aliquod
554 843 782 897 pessimum
827 842 931 883 iram
979 859 1213 897 ponamus,
1257 840 1381 896 hujus
1423 852 1563 881 autem

144 927 290 957 tumor
321 928 361 958 et
390 918 604 966 distentio,
633 918 868 969 indignatio
901 918 1083 959 vulneris
1108 919 1360 974 appelletur.
1406 917 1564 959 Tribu-

144 994 245 1034 latio
278 1010 392 1043 vero,
423 1012 551 1050 quam
580 996 851 1051 subsequitur
881 995 1079 1046 angustia,
1108 1012 1198 1036 non
1221 1006 1280 1036 est
1307 995 1453 1036 similis
1483 1012 1563 1050 pu-

145 1071 271 1111 tanda
303 1070 365 1111 illi
394 1071 679 1122 tribulationi,
710 1073 762 1113 (le
804 1088 886 1127 qua
918 1072 1019 1113 dicit
1049 1073 1303 1128 Apostolus,
1334 1071 1432 1126 quia
1462 1071 1562 1121 „tri-

143 1147 308 1188 bulatio
327 1147 373 1203 ⁴)
402 1148 647 1203 patientiam
682 1155 924 1204 operatur.“
974 1150 1050 1190 Illa
1081 1149 1192 1189 enirn
1223 1149 1316 1190 talis
1343 1149 1562 1190 tribulatio

145 1224 378 1275 angustiam
409 1242 501 1266 non
530 1226 658 1266 habet
685 1227 1028 1280 subsequentem,
1055 1226 1162 1268 sicut
1192 1237 1231 1266 et
1258 1225 1349 1281 ipse
1377 1227 1564 1281 Aposto-

145 1301 211 1341 lus
250 1301 373 1342 dicit:
415 1301 833 1357 ‚‚trihulati0nem5)
872 1302 1078 1357 patimur,
1113 1303 1186 1342 sed
1225 1319 1316 1343 non
1347 1302 1565 1353 *angustia-

147 1383 282 1419 mur.“
337 1378 431 1418 Imo
462 1395 561 1419 vero
592 1395 683 1419 non
712 1379 852 1421 solum
881 1380 1043 1419 nullam
1080 1379 1312 1429 angustiam
1345 1379 1563 1419 tribulatio

146 1455 217 1496 illa
247 1467 515 1504 sanctorum,
550 1456 623 1496 sed
656 1455 918 1496 latitudinem
949 1455 1087 1497 habet.
1145 1455 1346 1510 Denique
1374 1455 1433 1495 sie
1464 1456 1566 1496 dicit

146 1531 299 1588 justus:
329 1532 399 1581 „in
415 1531 460 1586 ⁶)
487 1531 764 1573 tribulatione
795 1533 972 1573 dilatasti
1000 1539 1106 1574 me.“
1164 1531 1303 1587 Hujus
1332 1532 1565 1573 latitudinis

147 1621 188 1650 et
216 1610 448 1663 Apostolus
482 1608 673 1648 conscius
703 1608 782 1650 sibi
813 1611 867 1649 ad
899 1609 1147 1651 Corinthios
1183 1608 1347 1650 scribit:
1384 1626 1501 1658 „non
1517 1608 1561 1665 7¹)

147 1684 441 1736 angustiamini
458 1684 501 1725 in
519 1700 602 1733 me,
630 1686 702 1726 sed
731 1685 1026 1736 angustiamini
1054 1686 1099 1727 in
1123 1686 1350 1727 visceribus
1370 1687 1565 1727 vestris:“

147 1773 188 1802 et
228 1760 414 1802 addidit:
453 1762 716 1811 „dilatamini
756 1774 795 1803 et
833 1768 943 1805 v05.“
1001 1763 1169 1804 Idcirco
1211 1778 1310 1814 ergo
1352 1763 1470 1804 Deus
1510 1765 1563 1804 de

145 1839 297 1880 sanctis
327 1839 422 1886 suis,
453 1854 560 1892 quos
592 1838 756 1880 dilatari
785 1840 916 1890 novit,
947 1852 985 1882 et
1015 1841 1173 1881 habere
1202 1839 1309 1881 intra
1336 1840 1476 1881 cordis
1498 1841 1563 1881 sui

147 1915 415 1957 domicilium
446 1914 638 1970 spatiass)
680 1917 807 1968 longe
837 1918 1003 1973 lateque
1034 1918 1209 1967 diffusa,
1250 1916 1373 1958 dicit:
1413 1917 1562 1966 „habi-

146 1994 247 2034 tabo
265 1991 310 2046 9)
340 1993 383 2033 in
415 1992 484 2041 iis,
515 2003 555 2032 et
582 1993 904 2033 inambulabo.“
962 1993 1058 2034 Hoc
1087 1983 1241 2034 munus
1273 2010 1295 2034 a
1326 1994 1424 2034 Deo
1454 1994 1563 2035 inter

147 2081 309 2110 caetera
338 2068 568 2123 sapientiae
596 2086 774 2110 munera
800 2069 964 2124 accepit
994 2080 1033 2110 et
1063 2069 1296 2120 Salomon,
1325 2071 1432 2112 sicut
1459 2071 1562 2112 scri-

265 2249 307 2304 ¹)
339 2250 409 2290 Sic
447 2248 552 2290 Mse.
591 2249 692 2300 Reg.
730 2266 845 2290 num.
881 2250 1025 2299 1640,
1065 2251 1272 2292 Merlinus
1303 2251 1371 2308 (in
1403 2253 1497 2293 edd.
1530 2252 1559 2292 Ῑ.

146 2317 185 2346 et
205 2305 295 2360 IL),
325 2305 524 2346 Erasmus
544 2317 583 2345 et
605 2305 918 2347 Genebrardus.
977 2307 1140 2348 Caetexi
1173 2325 1270 2348 vero
1303 2309 1399 2348 Mss.
1429 2308 1559 2356 „ethi

144 2375 253 2411 suut,
276 2367 408 2417 quos“
432 2373 527 2412 etc.;
550 2363 819 2411 Salodiauus,
841 2374 880 2403 et
900 2363 1121 2404 Rabanus:
1151 2376 1220 2414 „et
1238 2364 1313 2414 his,
1334 2371 1466 2420 quos“
1484 2376 1557 2404 etc.

261 2432 309 2486 2)
341 2431 467 2471 Rom.
500 2431 552 2479 Π,
581 2433 619 2473 8.
649 2433 687 2474 9.

261 2499 307 2556 ³)
340 2501 411 2542 Sic
458 2517 604 2542 omnes
635 2501 734 2542 B‘Iss.
774 2502 930 2550 nostri,
971 2515 1009 2543 et
1038 2503 1251 2544 Rabanns.
1310 2503 1427 2544 Editi
1459 2521 1556 2543 vero

146 2558 203 2613 (e.
235 2575 269 2599 c.
302 2559 395 2598 edd.
425 2558 532 2612 EID:
561 2569 743 2607 ‚,tumor,
775 2558 846 2613 qui
878 2560 996 2600 dictis
1026 2559 1324 2610 significatur.“
1370 2559 1415 2598 13.

262 2625 309 2679 ¹²)
338 2627 463 2667 Rom.
495 2627 545 2676 V,
573 2627 612 2668 3.
733 2627 776 2682 ⁵)
806 2627 843 2666 ll
876 2628 977 2670 Cor.
1007 2630 1077 2677 IV,
1107 2629 1144 2670 8.

263 2695 308 2751 ⁶)
340 2696 492 2737 Psalm.
523 2695 595 2745 IV,
630 2698 665 2737 1.
786 2696 829 2751 ⁷)
860 2697 898 2737 Π
930 2698 1030 2739 Cor.
1060 2698 1132 2747 lv,
1164 2699 1371 2742 12.-—13.

264 2763 310 2819 ε’)
341 2765 450 2805 Edd.
479 2765 674 2806 Merlini:
704 2766 889 2821 spatiosa
919 2769 1044 2819 longe
1074 2779 1148 2808 etc.

266 2832 312 2887 ⁹)
345 2833 468 2875 Levit.
499 2835 658 2884 XXVI,
689 2836 752 2878 11.
786 2838 849 2880 12.
880 2838 974 2881 coll.
1004 2837 1044 2877 ll
1075 2837 1173 2879 Cor.
1207 2838 1276 2887 VI,
1305 2838 1368 2880 16.
