1788 3111
225 119 310 164 144
563 115 785 158 ORIGEMS
813 127 861 158 m
890 114 968 157 Ep,
999 125 1059 156 An
1091 113 1317 157 ROMANo's

225 232 422 274 Primum
453 230 639 288 quidem,
671 229 769 287 quia
800 228 957 271 credita
987 238 1086 269 sunt
1102 225 1184 268 illis
1204 225 1374 282 eloquia
1394 225 1489 268 Dei.
1529 225 1649 281 Quid

228 309 363 360 enim,
405 308 439 350 si
487 308 660 365 quidam
702 307 880 348 illorum
919 323 1010 347 non
1051 303 1356 346 erediderunt?
1425 305 1648 360 Numquid

227 386 500 428 incredulitas
530 402 681 428 eorum
711 386 842 425 fidem
872 382 957 425 Dei
989 380 1236 424 evacuabit?
1298 381 1432 425 Absit.
1487 382 1585 424 Fiat
1603 382 1647 437 ¹)

229 476 371 505 autem
407 464 527 504 Deus
566 479 710 512 verax,
759 460 895 502 omnis
940 473 1081 502 autem
1121 460 1253 500 homo
1296 460 1499 511 mendax3
1541 459 1648 501 sicut

229 540 434 597 scriptum
465 551 545 581 est:
577 539 687 594 ut2)
717 537 954 597 justificeris
986 539 1030 579 in
1064 536 1332 578 sermonibus
1360 535 1456 587 tuis,
1487 549 1529 578 et
1555 537 1646 578 vin-

231 635 298 660 cas
330 635 427 659 cum
457 616 697 675 judicaris.“
753 618 805 658 In
842 617 919 656 hac
952 615 1129 672 epistola
1159 614 1318 656 Paulus
1348 615 1464 655 velut
1492 613 1651 656 arbiter

232 695 407 753 quidam
447 697 558 737 inter
587 695 776 735 Judaeos
814 693 1001 735 residens
1041 705 1080 734 et
1114 692 1321 742 Graecos,
1364 692 1408 732 id
1441 703 1523 742 est,
1563 708 1650 743 eos,

232 774 306 831 qui
337 790 385 815 ex
417 772 628 814 Gentibus
659 772 858 822 credunt,
898 784 1103 827 utrosque
1141 771 1196 811 ad
1234 770 1364 810 fidem
1396 767 1552 810 Christi
1590 768 1650 809 ita

233 862 380 893 evocat
410 863 450 892 et
478 849 644 899 invitat,
685 861 734 890 ut
762 866 902 905 neque
932 850 1120 890 Judaeos
1153 848 1345 888 offendat
1374 846 1541 902 penitus
1574 847 1649 887 de-

230 929 434 971 struendo
467 927 671 968 Judaicos
701 926 817 977 ritus,
847 943 987 982 neque
1019 925 1230 968 Gentibus
1259 922 1420 981 injiciat
1450 925 1648 979 despera-

229 1009 405 1056 tionem,
437 1005 734 1047 confirmando
758 1003 1069 1045 observantiam
1099 1001 1199 1055 legis
1231 1013 1272 1042 et
1300 1000 1466 1053 literae3
1496 1011 1537 1041 et
1566 999 1651 1041 sive

231 1087 286 1126 de
315 1082 715 1140 repromissionibus
744 1094 974 1132 memoret,
1006 1081 1091 1122 sive
1123 1081 1174 1121 de
1203 1078 1367 1135 poenis,
1398 1080 1452 1119 ad
1481 1090 1648 1119 utrum-

232 1179 315 1219 que
352 1162 564 1218 populum
609 1159 757 1201 dividit
792 1160 982 1200 verbum.
1059 1157 1142 1208 Ut,
1189 1156 1306 1198 verbi
1351 1155 1504 1209 gratia,
1552 1172 1650 1196 cum

230 1241 354 1283 dicit:
385 1238 545 1294 „his3)
576 1249 729 1287 autem,
764 1237 837 1292 qui
868 1253 915 1277 ex
946 1233 1221 1276 contentione
1250 1245 1360 1283 sunt,
1392 1244 1432 1273 et
1463 1232 1536 1289 qui
1567 1232 1650 1273 dif-

229 1320 370 1360 fidunt
401 1315 574 1372 quidem
613 1314 799 1364 veritati,
841 1314 1020 1354 credunt
1058 1323 1200 1353 autem
1238 1309 1472 1366 iniquitati,
1510 1309 1572 1351 ira
1611 1321 1652 1351 et

228 1393 484 1449 indignatio:
526 1391 746 1432 tribulatio
780 1402 821 1432 et
849 1390 1038 1442 angustia
1069 1389 1114 1430 in
1146 1405 1318 1430 omnem
1349 1387 1534 1429 animam
1570 1389 1651 1428 ho-

226 1473 353 1516 minis
394 1468 609 1527 operantis
648 1469 833 1518 malum,
881 1466 1095 1524 Judaei4)
1135 1466 1345 1524 primum,
1388 1478 1428 1508 et
1460 1465 1653 1508 Graeci.“

226 1555 312 1595 Ista
351 1552 404 1591 de
440 1546 602 1605 poenis.
659 1548 728 1589 De
768 1544 1232 1602 repromissionihu35)
1271 1561 1371 1585 vero
1412 1542 1649 1601 subjungit:

226 1626 448 1681 ‚‚gloria6)
479 1636 634 1675 autem,
667 1636 708 1665 et
737 1625 891 1672 honor,
923 1636 963 1665 et
992 1640 1072 1679 pax
1106 1621 1224 1663 omni
1257 1619 1450 1677 operanti
1469 1621 1649 1670 bonum,

226 1706 395 1746 Judaeo
425 1701 627 1758 primum,
659 1713 700 1742 et
724 1702 932 1743 Graeco.“
976 1701 1164 1741 Rursum
1196 1699 1249 1739 de
1270 1697 1478 1739 Gentibus
1510 1697 1650 1738 dicere

225 1782 412 1824 videtur:
453 1778 736 1834 „quicunque
755 1776 800 1832 ⁷)
833 1777 946 1818 enim
975 1777 1065 1819 sine
1095 1777 1186 1829 lege
1214 1784 1515 1831 peccaverunt,
1560 1774 1651 1815 sine

225 1861 318 1913 lege
347 1857 587 1914 peribunt.“
640 1855 697 1896 Et
726 1853 879 1895 iterum
901 1856 953 1895 de
973 1853 1244 1896 circumcisis:
1276 1852 1402 1908 ,‚et⁸)
1437 1862 1652 1908 quotquot

223 1936 270 1978 in
299 1936 391 1988 lege
427 1944 730 1989 peccaverunt,
769 1949 847 1988 per
883 1933 1019 1986 legem
1057 1931 1402 1990 judicabuntur.“
1458 1929 1648 1970 Rursum

223 2030 325 2055 vero
360 2012 520 2053 Gentes
549 2011 772 2051 sublevans
804 2009 923 2051 dicit:
965 2008 1152 2063 „cum9)
1185 2007 1298 2048 enim
1330 2005 1510 2055 Gentes,
1542 2021 1651 2060 quae

223 2091 361 2144 Iegem
390 2105 482 2130 non
511 2088 683 2137 habent,
713 2088 963 2129 naturaliter
993 2103 1101 2143 quae
1131 2084 1231 2138 legis
1262 2095 1359 2126 sunt
1388 2081 1571 2132 faciunt,
1605 2081 1649 2122 hi

223 2169 361 2221 Iegem
391 2182 481 2207 non
511 2165 727 2214 habentes,
759 2165 838 2221 ipsi
867 2165 947 2206 sibi
966 2176 1064 2206 sunt
1083 2164 1161 2213 lex,
1195 2162 1267 2219 qui
1292 2161 1524 2203 ostendunt
1544 2176 1650 2215 opus

224 2245 326 2298 legis
357 2244 560 2298 scriptum
589 2243 635 2283 in
667 2243 869 2284 cordibus
899 2242 1040 2292 suis,“
1074 2253 1150 2283 etc.
1216 2241 1273 2281 Et
1302 2238 1456 2280 iterum
1487 2253 1647 2278 sermo-

224 2339 324 2363 nem
344 2319 550 2362 convertit
569 2320 623 2360 ad
642 2320 844 2370 judaeos,
869 2320 1033 2362 dicens:
1054 2319 1115 2372 „si
1134 2317 1206 2374 ¹⁰)
1235 2328 1377 2359 autem
1398 2327 1444 2356 tu
1461 2315 1649 2356 Judaeus

340 2433 383 2488 ¹)
414 2432 526 2473 Edd.
557 2431 753 2472 Merlini:
785 2433 865 2474 Est
897 2443 1038 2474 autem
1070 2442 1145 2471 etc.

336 2505 382 2560 2)
415 2503 500 2544 Csr.
531 2502 657 2543 Rom.
687 2502 764 2551 III,
792 2503 833 2545 4.
867 2503 962 2543 coll.
994 2501 1148 2542 Psalm.
1180 2499 1248 2549 LI,
1278 2498 1317 2541 4.
1349 2496 1442 2553 (L.)

335 2574 382 2629 ³)
413 2573 540 2614 Rom.
572 2571 626 2621 Π,
654 2571 693 2613 8.
724 2572 764 2614 9.

336 2642 382 2697 4)
412 2643 523 2684 Edd.
553 2640 751 2682 Merlini:
784 2642 953 2683 Judaco
987 2640 1174 2696 primum
1207 2651 1247 2681 et
1278 2639 1458 2682 Gracco.

337 2714 382 2766 ⁵)
414 2711 524 2753 Edd.
554 2711 1170 2773 Merlinigpromissionibus.⁴
1267 2709 1315 2766 ⁶)
1348 2710 1473 2751 Rom.
1504 2707 1558 2757 Π,
1582 2707 1647 2751 10.

341 2783 385 2837 ⁷>
415 2783 545 2823 Rom.
579 2782 632 2832 Il,
664 2784 729 2827 12.
848 2782 893 2840 ⁸)
925 2784 1049 2825 Rom.
1080 2783 1134 2831 II,
1166 2783 1230 2825 112.

338 2853 386 2907 ⁹)
416 2854 541 2894 Rom.
574 2854 627 2904 ll,
659 2853 724 2899 14.
758 2854 822 2897 15.
945 2854 1017 2911 ¹⁰)
1048 2854 1172 2895 Rom.
1204 2852 1258 2902 II,
1291 2849 1355 2892 17.
