1788 3111
212 112 298 157 358
551 109 775 152 Omonms
805 123 851 152 m
881 108 960 152 Ep,
992 121 1051 151 An
1084 103 1307 153 Romanos

216 224 291 282 qui
331 223 638 267 abundantiam
686 224 843 275 gratiae
891 236 933 265 et
981 224 1146 265 donum
1194 221 1378 281 justitiae
1417 224 1643 281 accipiunt,

215 302 260 344 in
291 302 373 344 vita
403 304 642 356 regnabunt
670 320 748 360 per
776 320 912 343 unum
944 303 1092 344 Jcsum
1130 300 1373 343 Christum“
1402 301 1643 344 Dominum

215 391 424 423 nostrum.
483 381 619 437 Quod
650 397 748 434 ergo
780 380 860 422 ait:
901 380 1053 430 „unius
1072 379 1115 436 ¹)
1161 379 1318 422 delicto
1348 397 1466 422 mors
1495 397 1644 434 regna-

216 456 276 498 vit
304 475 383 514 per
412 464 596 500 unum:“
627 457 825 507 ostendit,
859 457 954 514 quia
987 474 1065 514 per
1086 456 1289 499 delictum
1307 458 1438 500 morti
1468 475 1646 512 regnum

219 536 359 586 datur,
389 552 467 577 nec
497 548 639 593 potest
668 552 844 590 regnare
886 535 931 576 in
962 534 1129 591 aliquo,
1159 534 1239 576 nisi
1255 534 1301 591 2)
1331 533 1398 594 jus
1427 536 1545 590 regni
1576 553 1645 578 ac-

217 612 346 669 cipiat
377 630 425 656 ex
455 613 625 656 delicto.
683 613 768 655 Per
799 614 917 670 quod
957 611 1136 654 indicari
1164 612 1354 664 videtur,
1388 616 1520 670 quod,
1551 631 1650 656 cum

219 690 354 733 libera
385 709 409 733 a
438 692 537 734 Deo
570 703 708 733 creata
741 690 794 733 sit
824 691 977 741 anima,
1007 690 1097 746 ipsa
1127 707 1171 732 se
1199 690 1244 732 in
1261 691 1505 733 servitutem
1535 693 1648 734 redi-

217 781 287 822 gat
315 786 394 826 per
424 769 640 820 delictum,
672 781 713 811 et
732 769 846 810 velut
875 768 1154 825 chirographa
1180 767 1509 811 immortalitatis
1537 787 1650 821 suae,

221 864 331 903 quae
362 864 384 888 a
416 860 607 889 creatore
637 864 715 889 suo
747 858 988 903 acceperat,
1037 845 1168 888 morti
1196 848 1347 888 tradat.
1407 847 1590 898 „Anima
1604 847 1652 904 ³)

220 923 349 975 enim,
382 942 492 982 quae
519 937 679 982 peccat,
719 925 809 981 ipsa
850 924 1098 966 morietur.“
1155 925 1252 981 Ipsa
1295 926 1481 982 denique
1511 925 1651 968 anima

221 1002 376 1044 clamat
403 1020 482 1059 per
509 1005 779 1060 prophetam,
812 1001 974 1044 dicens:
1005 1001 1075 1053 „in
1093 1000 1139 1054 ⁴)
1168 1004 1389 1059 pulverem
1409 1002 1559 1044 mortis
1576 1004 1651 1044 dc-

219 1078 375 1122 duxisti
402 1086 513 1122 me.“
571 1080 707 1135 Quod
733 1080 882 1136 utiquc
914 1079 951 1121 ei
981 1079 1060 1121 nisi
1091 1096 1138 1121 cx
1182 1079 1337 1122 delicto
1369 1098 1460 1122 non
1487 1080 1653 1137 potuis-

219 1168 283 1199 set
312 1157 515 1200 accidere.
572 1157 703 1200 Unde
734 1158 951 1200 evidenter
982 1168 1198 1214 apparet,
1219 1173 1313 1198 eam
1342 1175 1421 1214 per
1451 1158 1654 1201 delictum

223 1234 506 1292 chirographa
543 1235 609 1278 sui
651 1235 950 1292 conscripsisse
980 1253 1079 1277 cum
1107 1247 1270 1286 morte,
1311 1246 1361 1276 ut
1391 1247 1432 1277 et
1459 1235 1656 1277 libertate

222 1313 553 1355 immortalitatis
591 1313 768 1364 amissa,
821 1311 969 1371 jugum
1011 1313 1175 1370 peccati
1213 1324 1254 1354 et
1291 1329 1469 1365 regnum
1506 1313 1656 1355 mortis

175 1394 177 1398 ’
223 1391 445 1448 exciperet.
505 1392 667 1434 Volens
697 1391 825 1445 igitur
855 1392 1089 1448 Apostolus
1119 1391 1356 1441 ostendere,
1386 1403 1547 1447 quanto
1564 1407 1655 1432 ma-

223 1463 318 1528 jora
347 1487 426 1526 per
459 1469 675 1512 Christum
695 1469 836 1511 anima
854 1469 1017 1526 recipit,
1049 1485 1177 1525 quam
1200 1469 1395 1510 amiserat
1409 1484 1487 1524 per
1503 1469 1657 1518 Adam,

223 1549 468 1604 frequentat
485 1547 529 1604 ⁵)
559 1549 661 1589 istos
676 1565 906 1598 sermones,
926 1559 974 1588 ut
994 1547 1127 1589 dicat:
1154 1547 1318 1598 „multo
1336 1545 1381 1603 ⁶)
1413 1545 1541 1599 magis
1557 1551 1594 1587 :“
1611 1544 1655 1601 ⁷)

227 1636 288 1666 et:
328 1625 664 1676 „abundantiam
703 1626 882 1679 gratiae,
924 1637 964 1667 ct
996 1626 1161 1666 donum
1200 1624 1444 1683 justitiae:“
1485 1635 1525 1664 et
1562 1639 1655 1673 „re-

229 1702 420 1754 gnabunt
449 1719 528 1759 per
556 1720 692 1744 unum
722 1703 873 1744 Jesum
895 1703 1152 1745 Christum.“
1192 1702 1317 1757 Quae
1338 1701 1479 1743 omnia
1510 1701 1659 1756 utique

228 1780 469 1831 declarant,
505 1781 643 1822 multo
687 1780 1002 1822 abundantiora
1032 1795 1121 1822 esse
1159 1780 1296 1828 dona,
1329 1795 1458 1835 quam
1489 1779 1657 1819 damna.

228 2004 447 2059 regnabit“
478 2015 554 2046 etc.
613 2003 680 2045 Al.
712 2004 877 2054 „multo
908 2003 1038 2056 magis
1071 2002 1143 2059 qui
1167 2001 1473 2044 abundantiam
1490 2000 1660 2056 gratiae,

232 2074 273 2103 et
312 2064 477 2103 donum
514 2060 698 2127 justitiae
736 2060 909 2116 accipit,
956 2059 999 2101 in
1041 2060 1123 2101 vita
1155 2059 1373 2113 1·ge‹rnahit“
1414 2071 1489 2101 etc.
1525 2058 1574 2100 R.
1606 2084 1658 2090 ——

229 2121 341 2162 Edd
372 2118 560 2169 Merlini,
592 2120 666 2160 cfr.
697 2134 778 2175 pag
806 2119 902 2161 356.
932 2129 1023 2161 not.
1052 2118 1092 2161 8.
1124 2117 1359 2174 „accipitur
1389 2115 1433 2158 in
1463 2116 1559 2168 vita,
1591 2132 1658 2157 re—

229 2176 400 2230 gnabit“
432 2187 508 2217 etc.

351 2245 394 2301 Ι)
423 2247 551 2287 Rom.
582 2246 634 2295 V,
666 2246 732 2289 17.

346 2317 390 2372 ²)
425 2315 563 2357 Alias:
595 2315 700 2367 „nisi
733 2313 822 2373 ejus
853 2331 1032 2368 regnum
1065 2313 1280 2370 accipiat.“
1311 2312 1440 2355 Male.
1471 2313 1522 2355 R.
1581 2335 1583 2341 ι

347 2386 393 2441 ³)
423 2387 576 2427 Ezech.
605 2386 767 2435 XVIII,
797 2386 837 2428 4.
955 2384 1000 2440 4)
1030 2384 1185 2426 Psalm.
1215 2385 1358 2433 XXII,
1392 2383 1641 2439 15.(ΧΧΙ.)

350 2458 397 2508 5)
427 2458 508 2499 Ed.
539 2458 601 2498 M.
633 2457 663 2496 l.
694 2456 824 2497 male:
856 2457 1116 2511 siequcnter.
1236 2454 1282 2508 ὅ)
1313 2454 1437 2495 Rom.
1470 2454 1522 2503 V,
1556 2454 1620 2497 17

351 2527 396 2583 ⁷)
426 2527 496 2570 Sic
526 2527 632 2568 Msc.
662 2544 774 2567 unus
802 2525 971 2579 Regius.
1015 2525 1134 2568 Editi
1165 2542 1264 2566 vero
1289 2525 1348 2581 (v,
1380 2541 1413 2565 c.
1442 2525 1539 2565 edd.
1565 2523 1660 2578 ΒἸ>ῑ

233 2585 396 2635 „multo
438 2583 567 2636 magis
609 2595 648 2624 et
688 2582 948 2623 abundantia
978 2583 1153 2635 g1atiae,
1194 2593 1233 2622 et
1273 2583 1436 2623 donum
1478 2578 1662 2644 justitia(

234 2640 452 2694 regnabit“
483 2640 739 2681 etc.Alte1
767 2640 872 2680 Msc.
903 2640 1067 2688 „multo
1112 2638 1242 2691 magis
1283 2649 1323 2678 et
1354 2636 1659 2679 abundantiam

233 2698 400 2750 gratiae,
435 2710 475 2739 et
505 2696 622 2746 doni,
653 2710 693 2738 et
713 2695 904 2753 justitiae,
938 2707 977 2735 et
1002 2696 1358 2747 regnabuut“et(·.
1406 2693 1525 2735 Alius
1555 2693 1661 2734 Cod.

236 2757 337 2807 Reg.
368 2771 485 2796 num.
508 2754 630 2796 1639.
650 2755 776 2794 lubet
797 2754 1117 2793 tantummodo:
1148 2752 1411 2805 „legnabunt
1432 2766 1661 2806 perunum

236 2812 383 2853 Jcsum
419 2810 674 2860 Christum,“
708 2809 869 2851 omissis
902 2809 1085 2850 cat-tonis.
1147 2809 1197 2849 lt.
1231 2834 1280 2839 —--
1314 2809 1396 2849 ΡΛ
1427 2808 1489 2849 M.
1523 2808 1562 2848 1:
1596 2818 1662 2855 „ct

239 2869 351 2909 dona
383 2867 589 2925 justitiae“
622 2879 697 2908 ete.
