<?xml version="1.0" encoding="UTF-8"?>
<!DOCTYPE html PUBLIC "-//W3C//DTD XHTML 1.0 Transitional//EN"
    "http://www.w3.org/TR/xhtml1/DTD/xhtml1-transitional.dtd">
<html xmlns="http://www.w3.org/1999/xhtml" xml:lang="en" lang="en">
 <head>
  <title>
</title>
<meta http-equiv="Content-Type" content="text/html;charset=utf-8" />
  <meta name='ocr-system' content='tesseract 3.04.00' />
  <meta name='ocr-capabilities' content='ocr_page ocr_carea ocr_par ocr_line ocrx_word'/>
</head>
<body>
  <div class='ocr_page' id='page_1' title='image "./operaomniaquaegr06orig/operaomniaquaegr06orig_0093.png"; bbox 0 0 1788 3111; ppageno 0'>
   <div class='ocr_carea' id='block_1_1' title="bbox 0 1906 30 3111">
    <p class='ocr_par' dir='ltr' id='par_1_1' title="bbox 0 1906 30 3111">
     <span class='ocr_line' id='line_1_1' title="bbox 0 1906 30 3111; baseline 0 0"><span class='ocrx_word' id='word_1_1' title='bbox 0 1906 30 3111; x_wconf 95' lang='lat' dir='ltr'><strong> </strong></span> 
     </span>
    </p>
   </div>
   <div class='ocr_carea' id='block_1_2' title="bbox 503 161 1529 205">
    <p class='ocr_par' dir='ltr' id='par_1_2' title="bbox 503 161 1529 205">
     <span class='ocr_line' id='line_1_2' title="bbox 503 161 1529 205; baseline 0.003 -3"><span class='ocrx_word' id='word_1_2' title='bbox 503 161 942 204; x_wconf 81' lang='lat' dir='ltr'><strong>COMMENTARJORUM</strong></span> <span class='ocrx_word' id='word_1_3' title='bbox 973 161 1062 202; x_wconf 75' lang='lat' dir='ltr'><strong>Lm.</strong></span> <span class='ocrx_word' id='word_1_4' title='bbox 1095 161 1144 201; x_wconf 86' lang='grc' dir='ltr'><strong>Π.</strong></span> <span class='ocrx_word' id='word_1_5' title='bbox 1477 162 1529 205; x_wconf 81' lang='lat'><strong>81.</strong></span> 
     </span>
    </p>
   </div>
   <div class='ocr_carea' id='block_1_3' title="bbox 115 273 1545 1830">
    <p class='ocr_par' dir='ltr' id='par_1_3' title="bbox 115 273 1545 1830">
     <span class='ocr_line' id='line_1_3' title="bbox 118 273 1532 329; baseline -0.001 -14"><span class='ocrx_word' id='word_1_6' title='bbox 118 274 242 316; x_wconf 85' lang='lat' dir='ltr'><strong>etiam</strong></span> <span class='ocrx_word' id='word_1_7' title='bbox 285 273 364 329; x_wconf 83' lang='lat' dir='ltr'><strong>ipsi</strong></span> <span class='ocrx_word' id='word_1_8' title='bbox 407 285 518 314; x_wconf 78' lang='lat' dir='ltr'><strong>extra</strong></span> <span class='ocrx_word' id='word_1_9' title='bbox 557 290 710 329; x_wconf 87' lang='lat' dir='ltr'><strong>corpus</strong></span> <span class='ocrx_word' id='word_1_10' title='bbox 752 273 878 329; x_wconf 86' lang='lat' dir='ltr'><strong>positi</strong></span> <span class='ocrx_word' id='word_1_11' title='bbox 924 286 1051 327; x_wconf 82' lang='lat' dir='ltr'><strong>agunt</strong></span> <span class='ocrx_word' id='word_1_12' title='bbox 1099 273 1259 329; x_wconf 84' lang='lat' dir='ltr'><strong>aliquid</strong></span> <span class='ocrx_word' id='word_1_13' title='bbox 1298 274 1532 315; x_wconf 87' lang='lat' dir='ltr'><strong>secundum</strong></span> 
     </span>
     <span class='ocr_line' id='line_1_4' title="bbox 116 349 1536 407; baseline 0 -15"><span class='ocrx_word' id='word_1_14' title='bbox 116 352 385 407; x_wconf 85' lang='lat' dir='ltr'><strong>propositum</strong></span> <span class='ocrx_word' id='word_1_15' title='bbox 427 350 577 393; x_wconf 74' lang='lat' dir='ltr'><strong>mentis</strong></span> <span class='ocrx_word' id='word_1_16' title='bbox 625 367 746 400; x_wconf 88' lang='lat' dir='ltr'><strong>suae,</strong></span> <span class='ocrx_word' id='word_1_17' title='bbox 794 351 909 406; x_wconf 79' lang='lat' dir='ltr'><strong>ad&#39;)</strong></span> <span class='ocrx_word' id='word_1_18' title='bbox 958 352 1207 402; x_wconf 79' lang='lat' dir='ltr'><strong>angelorum</strong></span> <span class='ocrx_word' id='word_1_19' title='bbox 1257 349 1536 392; x_wconf 79' lang='lat' dir='ltr'><strong>nihilominus</strong></span> 
     </span>
     <span class='ocr_line' id='line_1_5' title="bbox 115 427 1536 484; baseline -0.001 -15"><span class='ocrx_word' id='word_1_20' title='bbox 115 428 436 470; x_wconf 84' lang='lat' dir='ltr'><strong>similitudinem</strong></span> <span class='ocrx_word' id='word_1_21' title='bbox 479 427 770 477; x_wconf 82' lang='lat' dir='ltr'><strong>sinistrorum,</strong></span> <span class='ocrx_word' id='word_1_22' title='bbox 810 444 909 469; x_wconf 91' lang='lat' dir='ltr'><strong>cum</strong></span> <span class='ocrx_word' id='word_1_23' title='bbox 956 428 1108 484; x_wconf 85' lang='lat' dir='ltr'><strong>quibus</strong></span> <span class='ocrx_word' id='word_1_24' title='bbox 1151 439 1189 469; x_wconf 89' lang='lat' dir='ltr'><strong>et</strong></span> <span class='ocrx_word' id='word_1_25' title='bbox 1228 427 1271 467; x_wconf 85' lang='lat' dir='ltr'><strong>in</strong></span> <span class='ocrx_word' id='word_1_26' title='bbox 1317 438 1536 468; x_wconf 85' lang='lat' dir='ltr'><strong>aeternum</strong></span> 
     </span>
     <span class='ocr_line' id='line_1_6' title="bbox 116 503 1536 558; baseline -0.003 -11"><span class='ocrx_word' id='word_1_27' title='bbox 116 505 257 557; x_wconf 80' lang='lat' dir='ltr'><strong>ignem</strong></span> <span class='ocrx_word' id='word_1_28' title='bbox 297 505 489 546; x_wconf 80' lang='lat' dir='ltr'><strong>mittendi</strong></span> <span class='ocrx_word' id='word_1_29' title='bbox 530 504 730 545; x_wconf 84' lang='lat' dir='ltr'><strong>dicuntur</strong></span> <span class='ocrx_word' id='word_1_30' title='bbox 770 522 790 546; x_wconf 91' lang='lat' dir='ltr'><strong>a</strong></span> <span class='ocrx_word' id='word_1_31' title='bbox 832 504 1026 554; x_wconf 83' lang='lat' dir='ltr'><strong>Christo,</strong></span> <span class='ocrx_word' id='word_1_32' title='bbox 1067 503 1334 558; x_wconf 79' lang='lat' dir='ltr'><strong>habeatur2)</strong></span> <span class='ocrx_word' id='word_1_33' title='bbox 1375 515 1413 544; x_wconf 84' lang='lat' dir='ltr'><strong>et</strong></span> <span class='ocrx_word' id='word_1_34' title='bbox 1452 504 1536 544; x_wconf 82' lang='lat' dir='ltr'><strong>hoc</strong></span> 
     </span>
     <span class='ocr_line' id='line_1_7' title="bbox 119 579 1537 638; baseline -0.003 -15"><span class='ocrx_word' id='word_1_35' title='bbox 119 598 293 638; x_wconf 87' lang='lat' dir='ltr'><strong>quoque</strong></span> <span class='ocrx_word' id='word_1_36' title='bbox 334 583 443 623; x_wconf 78' lang='lat' dir='ltr'><strong>inter</strong></span> <span class='ocrx_word' id='word_1_37' title='bbox 489 583 653 622; x_wconf 82' lang='lat' dir='ltr'><strong>occulta</strong></span> <span class='ocrx_word' id='word_1_38' title='bbox 695 581 804 631; x_wconf 81' lang='lat' dir='ltr'><strong>Dei,</strong></span> <span class='ocrx_word' id='word_1_39' title='bbox 850 599 928 623; x_wconf 87' lang='lat' dir='ltr'><strong>nec</strong></span> <span class='ocrx_word' id='word_1_40' title='bbox 974 582 1186 623; x_wconf 80' lang='lat' dir='ltr'>chartulae</span> <span class='ocrx_word' id='word_1_41' title='bbox 1234 579 1537 621; x_wconf 72' lang='lat' dir='ltr'><strong>committenda</strong></span> 
     </span>
     <span class='ocr_line' id='line_1_8' title="bbox 118 657 1538 718; baseline -0.002 -19"><span class='ocrx_word' id='word_1_42' title='bbox 118 659 323 718; x_wconf 69' lang='lat' dir='ltr'><strong>mysteria.</strong></span> <span class='ocrx_word' id='word_1_43' title='bbox 371 658 595 699; x_wconf 84' lang='lat' dir='ltr'><strong>Sufficiant</strong></span> <span class='ocrx_word' id='word_1_44' title='bbox 624 657 697 698; x_wconf 78' lang='lat' dir='ltr'><strong>ista</strong></span> <span class='ocrx_word' id='word_1_45' title='bbox 731 660 784 699; x_wconf 84' lang='lat' dir='ltr'><strong>de</strong></span> <span class='ocrx_word' id='word_1_46' title='bbox 815 659 883 700; x_wconf 81' lang='lat' dir='ltr'><strong>die</strong></span> <span class='ocrx_word' id='word_1_47' title='bbox 912 659 1000 700; x_wconf 79' lang='lat' dir='ltr'><strong>irae</strong></span> <span class='ocrx_word' id='word_1_48' title='bbox 1019 669 1058 699; x_wconf 87' lang='lat' dir='ltr'><strong>et</strong></span> <span class='ocrx_word' id='word_1_49' title='bbox 1091 658 1366 699; x_wconf 84' lang='lat' dir='ltr'><strong>revelationis.</strong></span> <span class='ocrx_word' id='word_1_50' title='bbox 1411 657 1538 697; x_wconf 79' lang='lat' dir='ltr'><strong>Nunc</strong></span> 
     </span>
     <span class='ocr_line' id='line_1_9' title="bbox 119 732 1540 791; baseline -0.004 -14"><span class='ocrx_word' id='word_1_51' title='bbox 119 736 382 791; x_wconf 80' lang='lat' dir='ltr'><strong>requiramus</strong></span> <span class='ocrx_word' id='word_1_52' title='bbox 416 736 468 775; x_wconf 79' lang='lat' dir='ltr'><strong>(le</strong></span> <span class='ocrx_word' id='word_1_53' title='bbox 497 732 607 790; x_wconf 85' lang='lat' dir='ltr'><strong>justo</strong></span> <span class='ocrx_word' id='word_1_54' title='bbox 627 734 673 789; x_wconf 81' lang='lat'><strong>3)</strong></span> <span class='ocrx_word' id='word_1_55' title='bbox 705 733 863 791; x_wconf 87' lang='lat' dir='ltr'><strong>judicio</strong></span> <span class='ocrx_word' id='word_1_56' title='bbox 898 735 1003 785; x_wconf 86' lang='lat' dir='ltr'><strong>Dei,</strong></span> <span class='ocrx_word' id='word_1_57' title='bbox 1044 735 1087 776; x_wconf 82' lang='lat' dir='ltr'><strong>in</strong></span> <span class='ocrx_word' id='word_1_58' title='bbox 1129 751 1215 789; x_wconf 88' lang='lat' dir='ltr'><strong>quo</strong></span> <span class='ocrx_word' id='word_1_59' title='bbox 1256 734 1406 775; x_wconf 78' lang='lat' dir='ltr'><strong>reddet</strong></span> <span class='ocrx_word' id='word_1_60' title='bbox 1443 732 1540 773; x_wconf 82' lang='lat' dir='ltr'><strong>uni-</strong></span> 
     </span>
     <span class='ocr_line' id='line_1_10' title="bbox 121 810 1542 867; baseline -0.003 -14"><span class='ocrx_word' id='word_1_61' title='bbox 121 814 271 867; x_wconf 81' lang='lat' dir='ltr'><strong>cuique</strong></span> <span class='ocrx_word' id='word_1_62' title='bbox 307 813 542 853; x_wconf 84' lang='lat' dir='ltr'><strong>secundum</strong></span> <span class='ocrx_word' id='word_1_63' title='bbox 582 828 714 867; x_wconf 82' lang='lat' dir='ltr'><strong>opera</strong></span> <span class='ocrx_word' id='word_1_64' title='bbox 754 829 841 854; x_wconf 76' lang='lat' dir='ltr'><strong>sua,</strong></span> <span class='ocrx_word' id='word_1_65' title='bbox 908 812 962 853; x_wconf 85' lang='lat' dir='ltr'><strong>Et</strong></span> <span class='ocrx_word' id='word_1_66' title='bbox 1000 811 1143 867; x_wconf 86' lang='lat' dir='ltr'><strong>primo</strong></span> <span class='ocrx_word' id='word_1_67' title='bbox 1185 810 1358 866; x_wconf 85' lang='lat' dir='ltr'><strong>quidem</strong></span> <span class='ocrx_word' id='word_1_68' title='bbox 1400 812 1542 850; x_wconf 79' lang='lat' dir='ltr'><strong>exclu-</strong></span> 
     </span>
     <span class='ocr_line' id='line_1_11' title="bbox 120 885 1538 943; baseline -0.003 -14"><span class='ocrx_word' id='word_1_69' title='bbox 120 889 276 929; x_wconf 82' lang='lat' dir='ltr'><strong>dantur</strong></span> <span class='ocrx_word' id='word_1_70' title='bbox 304 887 515 937; x_wconf 83' lang='lat' dir='ltr'><strong>haeretici,</strong></span> <span class='ocrx_word' id='word_1_71' title='bbox 546 889 616 943; x_wconf 89' lang='lat' dir='ltr'><strong>qui</strong></span> <span class='ocrx_word' id='word_1_72' title='bbox 634 887 681 943; x_wconf 71' lang='lat'><strong>⁴)</strong></span> <span class='ocrx_word' id='word_1_73' title='bbox 712 889 858 930; x_wconf 86' lang='lat' dir='ltr'><strong>dicunt</strong></span> <span class='ocrx_word' id='word_1_74' title='bbox 882 890 1030 937; x_wconf 84' lang='lat' dir='ltr'><strong>bonas,</strong></span> <span class='ocrx_word' id='word_1_75' title='bbox 1061 889 1124 929; x_wconf 77' lang='lat' dir='ltr'><strong>vel</strong></span> <span class='ocrx_word' id='word_1_76' title='bbox 1146 888 1278 929; x_wconf 77' lang='lat' dir='ltr'><strong>malas</strong></span> <span class='ocrx_word' id='word_1_77' title='bbox 1300 885 1538 928; x_wconf 80' lang='lat' dir='ltr'><strong>animarum</strong></span> 
     </span>
     <span class='ocr_line' id='line_1_12' title="bbox 120 963 1542 1020; baseline -0.001 -15"><span class='ocrx_word' id='word_1_78' title='bbox 120 976 313 1006; x_wconf 86' lang='lat' dir='ltr'><strong>naturas:</strong></span> <span class='ocrx_word' id='word_1_79' title='bbox 346 976 384 1004; x_wconf 85' lang='lat' dir='ltr'><strong>et</strong></span> <span class='ocrx_word' id='word_1_80' title='bbox 415 964 602 1014; x_wconf 80' lang='lat' dir='ltr'><strong>audiant,</strong></span> <span class='ocrx_word' id='word_1_81' title='bbox 635 965 733 1020; x_wconf 85' lang='lat' dir='ltr'><strong>quia</strong></span> <span class='ocrx_word' id='word_1_82' title='bbox 762 983 854 1008; x_wconf 89' lang='lat' dir='ltr'><strong>non</strong></span> <span class='ocrx_word' id='word_1_83' title='bbox 881 982 960 1020; x_wconf 89' lang='lat' dir='ltr'><strong>pro</strong></span> <span class='ocrx_word' id='word_1_84' title='bbox 983 977 1133 1006; x_wconf 83' lang='lat' dir='ltr'><strong>natura</strong></span> <span class='ocrx_word' id='word_1_85' title='bbox 1157 963 1391 1018; x_wconf 83' lang='lat' dir='ltr'><strong>unicuique</strong></span> <span class='ocrx_word' id='word_1_86' title='bbox 1412 963 1542 1010; x_wconf 90' lang='lat' dir='ltr'><strong>Deus,</strong></span> 
     </span>
     <span class='ocr_line' id='line_1_13' title="bbox 117 1039 1540 1097; baseline -0.002 -14"><span class='ocrx_word' id='word_1_87' title='bbox 117 1043 191 1083; x_wconf 85' lang='lat' dir='ltr'><strong>sed</strong></span> <span class='ocrx_word' id='word_1_88' title='bbox 222 1057 302 1097; x_wconf 91' lang='lat' dir='ltr'><strong>pro</strong></span> <span class='ocrx_word' id='word_1_89' title='bbox 335 1041 536 1096; x_wconf 79' lang='lat' dir='ltr'>operibus</span> <span class='ocrx_word' id='word_1_90' title='bbox 566 1041 649 1082; x_wconf 83' lang='lat' dir='ltr'><strong>suis</strong></span> <span class='ocrx_word' id='word_1_91' title='bbox 680 1043 829 1084; x_wconf 67' lang='lat' dir='ltr'><strong>reddit.</strong></span> <span class='ocrx_word' id='word_1_92' title='bbox 890 1042 1094 1083; x_wconf 83' lang='lat' dir='ltr'><strong>Secundo</strong></span> <span class='ocrx_word' id='word_1_93' title='bbox 1136 1040 1240 1095; x_wconf 75' lang='lat' dir='ltr'><strong>in5)</strong></span> <span class='ocrx_word' id='word_1_94' title='bbox 1283 1041 1383 1081; x_wconf 90' lang='lat' dir='ltr'>loco</span> <span class='ocrx_word' id='word_1_95' title='bbox 1425 1039 1540 1081; x_wconf 84' lang='lat' dir='ltr'><strong>aedi—</strong></span> 
     </span>
     <span class='ocr_line' id='line_1_14' title="bbox 117 1119 1543 1174; baseline -0.001 -14"><span class='ocrx_word' id='word_1_96' title='bbox 117 1120 299 1160; x_wconf 77' lang='lat' dir='ltr'><strong>ficentur</strong></span> <span class='ocrx_word' id='word_1_97' title='bbox 328 1119 487 1166; x_wconf 81' lang='lat' dir='ltr'><strong>fideles,</strong></span> <span class='ocrx_word' id='word_1_98' title='bbox 519 1134 574 1158; x_wconf 86' lang='lat' dir='ltr'><strong>ne</strong></span> <span class='ocrx_word' id='word_1_99' title='bbox 605 1129 755 1174; x_wconf 88' lang='lat' dir='ltr'><strong>putent</strong></span> <span class='ocrx_word' id='word_1_100' title='bbox 785 1119 863 1160; x_wconf 84' lang='lat' dir='ltr'><strong>sibi</strong></span> <span class='ocrx_word' id='word_1_101' title='bbox 895 1119 980 1160; x_wconf 89' lang='lat' dir='ltr'><strong>hoe</strong></span> <span class='ocrx_word' id='word_1_102' title='bbox 1009 1120 1148 1159; x_wconf 86' lang='lat' dir='ltr'><strong>solum</strong></span> <span class='ocrx_word' id='word_1_103' title='bbox 1180 1119 1375 1159; x_wconf 81' lang='lat' dir='ltr'><strong>sufficere</strong></span> <span class='ocrx_word' id='word_1_104' title='bbox 1404 1134 1543 1173; x_wconf 82' lang='lat' dir='ltr'><strong>posse,</strong></span> 
     </span>
     <span class='ocr_line' id='line_1_15' title="bbox 122 1194 1543 1253; baseline -0.002 -17"><span class='ocrx_word' id='word_1_105' title='bbox 122 1197 240 1251; x_wconf 86' lang='lat' dir='ltr'><strong>quod</strong></span> <span class='ocrx_word' id='word_1_106' title='bbox 280 1197 480 1246; x_wconf 82' lang='lat' dir='ltr'><strong>credunt3</strong></span> <span class='ocrx_word' id='word_1_107' title='bbox 517 1196 590 1236; x_wconf 70' lang='lat' dir='ltr'><strong>s‘ed</strong></span> <span class='ocrx_word' id='word_1_108' title='bbox 630 1195 763 1236; x_wconf 87' lang='lat' dir='ltr'><strong>sciant</strong></span> <span class='ocrx_word' id='word_1_109' title='bbox 799 1194 956 1253; x_wconf 82' lang='lat' dir='ltr'><strong>justum</strong></span> <span class='ocrx_word' id='word_1_110' title='bbox 994 1195 1204 1251; x_wconf 84' lang='lat' dir='ltr'><strong>judicium</strong></span> <span class='ocrx_word' id='word_1_111' title='bbox 1243 1194 1328 1235; x_wconf 84' lang='lat' dir='ltr'><strong>Dei</strong></span> <span class='ocrx_word' id='word_1_112' title='bbox 1363 1195 1543 1236; x_wconf 78' lang='lat' dir='ltr'><strong>reddere</strong></span> 
     </span>
     <span class='ocr_line' id='line_1_16' title="bbox 120 1271 1543 1327; baseline 0 -15"><span class='ocrx_word' id='word_1_113' title='bbox 120 1272 354 1327; x_wconf 87' lang='lat' dir='ltr'><strong>unicuique</strong></span> <span class='ocrx_word' id='word_1_114' title='bbox 391 1273 628 1313; x_wconf 84' lang='lat' dir='ltr'><strong>secundum</strong></span> <span class='ocrx_word' id='word_1_115' title='bbox 668 1289 799 1327; x_wconf 85' lang='lat' dir='ltr'><strong>opera</strong></span> <span class='ocrx_word' id='word_1_116' title='bbox 838 1290 926 1314; x_wconf 84' lang='lat' dir='ltr'><strong>sua.</strong></span> <span class='ocrx_word' id='word_1_117' title='bbox 986 1272 1158 1327; x_wconf 69' lang='lat' dir='ltr'><strong>Sanefi)</strong></span> <span class='ocrx_word' id='word_1_118' title='bbox 1196 1271 1399 1327; x_wconf 83' lang='lat' dir='ltr'><strong>quoniam</strong></span> <span class='ocrx_word' id='word_1_119' title='bbox 1441 1271 1543 1312; x_wconf 82' lang='lat' dir='ltr'><strong>dicit</strong></span> 
     </span>
     <span class='ocr_line' id='line_1_17' title="bbox 121 1346 1544 1405; baseline 0 -17"><span class='ocrx_word' id='word_1_120' title='bbox 121 1348 164 1388; x_wconf 83' lang='lat' dir='ltr'><strong>in</strong></span> <span class='ocrx_word' id='word_1_121' title='bbox 211 1348 295 1388; x_wconf 87' lang='lat' dir='ltr'><strong>hoe</strong></span> <span class='ocrx_word' id='word_1_122' title='bbox 337 1364 421 1389; x_wconf 83' lang='lat' dir='ltr'><strong>esse</strong></span> <span class='ocrx_word' id='word_1_123' title='bbox 460 1346 614 1404; x_wconf 77' lang='lat' dir='ltr'><strong>justum</strong></span> <span class='ocrx_word' id='word_1_124' title='bbox 652 1348 860 1405; x_wconf 77' lang='lat' dir='ltr'><strong>judicium</strong></span> <span class='ocrx_word' id='word_1_125' title='bbox 895 1349 999 1397; x_wconf 84' lang='lat' dir='ltr'><strong>Dei,</strong></span> <span class='ocrx_word' id='word_1_126' title='bbox 1042 1361 1088 1389; x_wconf 81' lang='lat' dir='ltr'><strong>ut</strong></span> <span class='ocrx_word' id='word_1_127' title='bbox 1123 1348 1356 1403; x_wconf 86' lang='lat' dir='ltr'><strong>unicuique</strong></span> <span class='ocrx_word' id='word_1_128' title='bbox 1393 1350 1544 1389; x_wconf 79' lang='lat' dir='ltr'><strong>reddat</strong></span> 
     </span>
     <span class='ocr_line' id='line_1_18' title="bbox 120 1425 1543 1479; baseline 0.001 -14"><span class='ocrx_word' id='word_1_129' title='bbox 120 1425 356 1465; x_wconf 85' lang='lat' dir='ltr'><strong>seeundum</strong></span> <span class='ocrx_word' id='word_1_130' title='bbox 388 1440 520 1479; x_wconf 87' lang='lat' dir='ltr'><strong>opera</strong></span> <span class='ocrx_word' id='word_1_131' title='bbox 549 1441 637 1473; x_wconf 81' lang='lat' dir='ltr'><strong>sua,</strong></span> <span class='ocrx_word' id='word_1_132' title='bbox 669 1425 925 1465; x_wconf 78' lang='lat' dir='ltr'><strong>videbuntur</strong></span> <span class='ocrx_word' id='word_1_133' title='bbox 945 1440 1216 1479; x_wconf 78' lang='lat' dir='ltr'><strong>nequaquam</strong></span> <span class='ocrx_word' id='word_1_134' title='bbox 1237 1442 1317 1479; x_wconf 86' lang='lat' dir='ltr'><strong>pro</strong></span> <span class='ocrx_word' id='word_1_135' title='bbox 1342 1425 1427 1466; x_wconf 84' lang='lat' dir='ltr'><strong>hoe</strong></span> <span class='ocrx_word' id='word_1_136' title='bbox 1456 1442 1543 1467; x_wconf 76' lang='lat' dir='ltr'><strong>sel·-</strong></span> 
     </span>
     <span class='ocr_line' id='line_1_19' title="bbox 121 1500 1543 1557; baseline 0.001 -15"><span class='ocrx_word' id='word_1_137' title='bbox 121 1517 253 1542; x_wconf 87' lang='lat' dir='ltr'><strong>mone</strong></span> <span class='ocrx_word' id='word_1_138' title='bbox 285 1501 449 1541; x_wconf 80' lang='lat' dir='ltr'><strong>excludi</strong></span> <span class='ocrx_word' id='word_1_139' title='bbox 479 1517 602 1556; x_wconf 84' lang='lat' dir='ltr'><strong>posse</strong></span> <span class='ocrx_word' id='word_1_140' title='bbox 634 1500 835 1549; x_wconf 79' lang='lat' dir='ltr'><strong>Gentiles,</strong></span> <span class='ocrx_word' id='word_1_141' title='bbox 867 1501 900 1541; x_wconf 85' lang='lat' dir='ltr'><strong>si</strong></span> <span class='ocrx_word' id='word_1_142' title='bbox 931 1502 1041 1541; x_wconf 78' lang='lat' dir='ltr'><strong>forte</strong></span> <span class='ocrx_word' id='word_1_143' title='bbox 1073 1512 1112 1540; x_wconf 88' lang='lat' dir='ltr'><strong>et</strong></span> <span class='ocrx_word' id='word_1_144' title='bbox 1141 1500 1220 1556; x_wconf 83' lang='lat' dir='ltr'><strong>ipsi</strong></span> <span class='ocrx_word' id='word_1_145' title='bbox 1249 1503 1353 1543; x_wconf 83' lang='lat' dir='ltr'><strong>boni</strong></span> <span class='ocrx_word' id='word_1_146' title='bbox 1382 1502 1543 1557; x_wconf 74' lang='lat' dir='ltr'><strong>aliquid</strong></span> 
     </span>
     <span class='ocr_line' id='line_1_20' title="bbox 125 1577 1541 1633; baseline 0.001 -15"><span class='ocrx_word' id='word_1_147' title='bbox 125 1587 380 1633; x_wconf 80' lang='lat' dir='ltr'><strong>operentur,</strong></span> <span class='ocrx_word' id='word_1_148' title='bbox 423 1587 462 1616; x_wconf 87' lang='lat' dir='ltr'><strong>et</strong></span> <span class='ocrx_word' id='word_1_149' title='bbox 501 1577 762 1617; x_wconf 72' lang='lat' dir='ltr'><strong>emendatius</strong></span> <span class='ocrx_word' id='word_1_150' title='bbox 802 1588 935 1627; x_wconf 85' lang='lat' dir='ltr'><strong>agant.</strong></span> <span class='ocrx_word' id='word_1_151' title='bbox 997 1578 1083 1617; x_wconf 79' lang='lat' dir='ltr'><strong>Sed</strong></span> <span class='ocrx_word' id='word_1_152' title='bbox 1115 1589 1153 1617; x_wconf 84' lang='lat' dir='ltr'><strong>et</strong></span> <span class='ocrx_word' id='word_1_153' title='bbox 1182 1577 1309 1626; x_wconf 85' lang='lat' dir='ltr'><strong>illud,</strong></span> <span class='ocrx_word' id='word_1_154' title='bbox 1349 1580 1467 1633; x_wconf 86' lang='lat' dir='ltr'><strong>quod</strong></span> <span class='ocrx_word' id='word_1_155' title='bbox 1498 1578 1541 1619; x_wconf 86' lang='lat' dir='ltr'><strong>in</strong></span> 
     </span>
     <span class='ocr_line' id='line_1_21' title="bbox 121 1652 1545 1707; baseline 0.001 -15"><span class='ocrx_word' id='word_1_156' title='bbox 121 1652 346 1693; x_wconf 83' lang='lat' dir='ltr'><strong>Ezechiele</strong></span> <span class='ocrx_word' id='word_1_157' title='bbox 373 1652 576 1707; x_wconf 82' lang='lat' dir='ltr'><strong>scriptum</strong></span> <span class='ocrx_word' id='word_1_158' title='bbox 620 1664 700 1701; x_wconf 82' lang='lat' dir='ltr'><strong>est,</strong></span> <span class='ocrx_word' id='word_1_159' title='bbox 739 1652 838 1693; x_wconf 82' lang='lat' dir='ltr'><strong>huic</strong></span> <span class='ocrx_word' id='word_1_160' title='bbox 868 1653 1099 1694; x_wconf 80' lang='lat' dir='ltr'><strong>sententiae</strong></span> <span class='ocrx_word' id='word_1_161' title='bbox 1129 1653 1293 1694; x_wconf 78' lang='lat' dir='ltr'><strong>videtur</strong></span> <span class='ocrx_word' id='word_1_162' title='bbox 1323 1654 1545 1696; x_wconf 59' lang='lat' dir='ltr'><strong>adversat-{2</strong></span> 
     </span>
     <span class='ocr_line' id='line_1_22' title="bbox 121 1727 1545 1787; baseline 0.001 -18"><span class='ocrx_word' id='word_1_163' title='bbox 121 1728 241 1770; x_wconf 86' lang='lat' dir='ltr'>Dicit</span> <span class='ocrx_word' id='word_1_164' title='bbox 271 1728 405 1769; x_wconf 82' lang='lat' dir='ltr'><strong>enim:</strong></span> <span class='ocrx_word' id='word_1_165' title='bbox 444 1745 568 1777; x_wconf 90' lang='lat' dir='ltr'><strong>„cum</strong></span> <span class='ocrx_word' id='word_1_166' title='bbox 586 1727 628 1784; x_wconf 85' lang='lat'><strong>⁷)</strong></span> <span class='ocrx_word' id='word_1_167' title='bbox 662 1729 855 1771; x_wconf 69' lang='lat' dir='ltr'><strong>averterit</strong></span> <span class='ocrx_word' id='word_1_168' title='bbox 887 1746 930 1770; x_wconf 87' lang='lat' dir='ltr'><strong>se</strong></span> <span class='ocrx_word' id='word_1_169' title='bbox 968 1728 1098 1787; x_wconf 84' lang='lat' dir='ltr'><strong>justus</strong></span> <span class='ocrx_word' id='word_1_170' title='bbox 1130 1747 1151 1771; x_wconf 86' lang='lat' dir='ltr'><strong>a</strong></span> <span class='ocrx_word' id='word_1_171' title='bbox 1185 1729 1337 1786; x_wconf 81' lang='lat' dir='ltr'><strong>justitia</strong></span> <span class='ocrx_word' id='word_1_172' title='bbox 1366 1747 1466 1781; x_wconf 87' lang='lat' dir='ltr'><strong>sua,</strong></span> <span class='ocrx_word' id='word_1_173' title='bbox 1506 1742 1545 1772; x_wconf 90' lang='lat' dir='ltr'><strong>et</strong></span> 
     </span>
     <span class='ocr_line' id='line_1_23' title="bbox 736 1807 747 1830; baseline 0 0"><span class='ocrx_word' id='word_1_174' title='bbox 736 1807 747 1830; x_wconf 70' lang='grc' dir='ltr'>τ</span> 
     </span>
    </p>
   </div>
   <div class='ocr_carea' id='block_1_4' title="bbox 122 1804 1544 1864">
    <p class='ocr_par' dir='ltr' id='par_1_4' title="bbox 122 1804 1544 1864">
     <span class='ocr_line' id='line_1_24' title="bbox 122 1804 1544 1864; baseline 0.002 -18"><span class='ocrx_word' id='word_1_175' title='bbox 122 1804 270 1846; x_wconf 84' lang='lat' dir='ltr'><strong>fecerit</strong></span> <span class='ocrx_word' id='word_1_176' title='bbox 298 1804 562 1860; x_wconf 83' lang='lat' dir='ltr'><strong>iniquitatem</strong></span> <span class='ocrx_word' id='word_1_177' title='bbox 591 1821 826 1847; x_wconf 63' lang='lat' dir='ltr'><strong>secuneum</strong></span> <span class='ocrx_word' id='word_1_178' title='bbox 861 1822 1008 1847; x_wconf 88' lang='lat' dir='ltr'><strong>omnes</strong></span> <span class='ocrx_word' id='word_1_179' title='bbox 1039 1806 1303 1863; x_wconf 80' lang='lat' dir='ltr'><strong>iniquitates,</strong></span> <span class='ocrx_word' id='word_1_180' title='bbox 1343 1824 1446 1864; x_wconf 84' lang='lat' dir='ltr'><strong>quas</strong></span> <span class='ocrx_word' id='word_1_181' title='bbox 1481 1810 1544 1849; x_wconf 87' lang='lat' dir='ltr'><strong>fa-</strong></span> 
     </span>
    </p>
   </div>
   <div class='ocr_carea' id='block_1_5' title="bbox 125 1880 1543 1940">
    <p class='ocr_par' dir='ltr' id='par_1_5' title="bbox 125 1880 1543 1940">
     <span class='ocr_line' id='line_1_25' title="bbox 125 1880 1543 1940; baseline 0.004 -19"><span class='ocrx_word' id='word_1_182' title='bbox 125 1881 244 1937; x_wconf 66' lang='lat' dir='ltr'><strong>eitss)</strong></span> <span class='ocrx_word' id='word_1_183' title='bbox 282 1881 473 1936; x_wconf 80' lang='lat' dir='ltr'><strong>iniquus,</strong></span> <span class='ocrx_word' id='word_1_184' title='bbox 522 1898 669 1923; x_wconf 86' lang='lat' dir='ltr'><strong>omnes</strong></span> <span class='ocrx_word' id='word_1_185' title='bbox 710 1880 890 1938; x_wconf 76' lang='lat' dir='ltr'><strong>justitiae</strong></span> <span class='ocrx_word' id='word_1_186' title='bbox 931 1881 1040 1939; x_wconf 86' lang='lat' dir='ltr'><strong>ejus,</strong></span> <span class='ocrx_word' id='word_1_187' title='bbox 1085 1900 1187 1939; x_wconf 84' lang='lat' dir='ltr'><strong>quas</strong></span> <span class='ocrx_word' id='word_1_188' title='bbox 1226 1883 1347 1935; x_wconf 85' lang='lat' dir='ltr'><strong>fecit,</strong></span> <span class='ocrx_word' id='word_1_189' title='bbox 1393 1902 1482 1926; x_wconf 89' lang='lat' dir='ltr'><strong>non</strong></span> <span class='ocrx_word' id='word_1_190' title='bbox 1499 1885 1543 1940; x_wconf 80' lang='lat'><strong>⁹)</strong></span> 
     </span>
    </p>
   </div>
   <div class='ocr_carea' id='block_1_6' title="bbox 125 1966 274 1970">
    <p class='ocr_par' dir='ltr' id='par_1_6' title="bbox 125 1966 274 1970">
     <span class='ocr_line' id='line_1_26' title="bbox 125 1966 274 1970; baseline 0 0"><span class='ocrx_word' id='word_1_191' title='bbox 125 1966 274 1970; x_wconf 95' lang='lat' dir='ltr'><strong> </strong></span> 
     </span>
    </p>
   </div>
   <div class='ocr_carea' id='block_1_7' title="bbox 327 1965 450 1970">
    <p class='ocr_par' dir='ltr' id='par_1_7' title="bbox 327 1965 450 1970">
     <span class='ocr_line' id='line_1_27' title="bbox 327 1965 450 1970; baseline 0 0"><span class='ocrx_word' id='word_1_192' title='bbox 327 1965 450 1970; x_wconf 95' lang='lat' dir='ltr'><strong> </strong></span> 
     </span>
    </p>
   </div>
   <div class='ocr_carea' id='block_1_8' title="bbox 125 1998 1545 2098">
    <p class='ocr_par' dir='ltr' id='par_1_8' title="bbox 125 1998 1545 2098">
     <span class='ocr_line' id='line_1_28' title="bbox 243 1998 1545 2055; baseline 0.004 -16"><span class='ocrx_word' id='word_1_193' title='bbox 243 1998 286 2055; x_wconf 82' lang='lat'><strong>¹)</strong></span> <span class='ocrx_word' id='word_1_194' title='bbox 318 1999 429 2042; x_wconf 87' lang='lat' dir='ltr'><strong>Edd.</strong></span> <span class='ocrx_word' id='word_1_195' title='bbox 451 1999 645 2041; x_wconf 80' lang='lat' dir='ltr'><strong>Merlini:</strong></span> <span class='ocrx_word' id='word_1_196' title='bbox 678 2001 926 2052; x_wconf 81' lang='lat' dir='ltr'><strong>angelorum</strong></span> <span class='ocrx_word' id='word_1_197' title='bbox 958 2000 1238 2044; x_wconf 83' lang='lat' dir='ltr'><strong>nihilominus</strong></span> <span class='ocrx_word' id='word_1_198' title='bbox 1269 2003 1324 2044; x_wconf 79' lang='lat' dir='ltr'><strong>ad</strong></span> <span class='ocrx_word' id='word_1_199' title='bbox 1350 2002 1545 2044; x_wconf 81' lang='lat' dir='ltr'><strong>similitu-</strong></span> 
     </span>
     <span class='ocr_line' id='line_1_29' title="bbox 125 2057 377 2098; baseline 0.004 -1"><span class='ocrx_word' id='word_1_200' title='bbox 125 2057 268 2098; x_wconf 88' lang='lat' dir='ltr'><strong>dinem</strong></span> <span class='ocrx_word' id='word_1_201' title='bbox 302 2068 377 2098; x_wconf 90' lang='lat' dir='ltr'><strong>etc.</strong></span> 
     </span>
    </p>
   </div>
   <div class='ocr_carea' id='block_1_9' title="bbox 125 2124 1545 2292">
    <p class='ocr_par' dir='ltr' id='par_1_9' title="bbox 125 2124 1545 2292">
     <span class='ocr_line' id='line_1_30' title="bbox 239 2124 1545 2183; baseline 0.006 -20"><span class='ocrx_word' id='word_1_202' title='bbox 239 2124 285 2178; x_wconf 85' lang='lat'><strong>²)</strong></span> <span class='ocrx_word' id='word_1_203' title='bbox 315 2124 421 2165; x_wconf 82' lang='lat' dir='ltr'><strong>Msc.</strong></span> <span class='ocrx_word' id='word_1_204' title='bbox 446 2141 575 2166; x_wconf 84' lang='lat' dir='ltr'><strong>unus:</strong></span> <span class='ocrx_word' id='word_1_205' title='bbox 605 2125 871 2174; x_wconf 83' lang='lat' dir='ltr'><strong>„habeantur</strong></span> <span class='ocrx_word' id='word_1_206' title='bbox 902 2138 940 2167; x_wconf 89' lang='lat' dir='ltr'><strong>et</strong></span> <span class='ocrx_word' id='word_1_207' title='bbox 970 2128 1075 2168; x_wconf 85' lang='lat' dir='ltr'><strong>haec</strong></span> <span class='ocrx_word' id='word_1_208' title='bbox 1106 2133 1304 2183; x_wconf 88' lang='lat' dir='ltr'><strong>quoque“</strong></span> <span class='ocrx_word' id='word_1_209' title='bbox 1335 2140 1410 2170; x_wconf 84' lang='lat' dir='ltr'><strong>etc.</strong></span> <span class='ocrx_word' id='word_1_210' title='bbox 1458 2128 1545 2171; x_wconf 80' lang='lat' dir='ltr'><strong>Sed</strong></span> 
     </span>
     <span class='ocr_line' id='line_1_31' title="bbox 128 2179 1545 2230; baseline 0.004 -10"><span class='ocrx_word' id='word_1_211' title='bbox 128 2181 280 2222; x_wconf 82' lang='lat' dir='ltr'><strong>caeteri</strong></span> <span class='ocrx_word' id='word_1_212' title='bbox 309 2179 428 2229; x_wconf 65' lang='lat' dir='ltr'><strong>BIss.,</strong></span> <span class='ocrx_word' id='word_1_213' title='bbox 467 2179 691 2229; x_wconf 80' lang='lat' dir='ltr'><strong>Rabanus,</strong></span> <span class='ocrx_word' id='word_1_214' title='bbox 735 2194 775 2222; x_wconf 88' lang='lat' dir='ltr'><strong>et</strong></span> <span class='ocrx_word' id='word_1_215' title='bbox 805 2182 925 2230; x_wconf 85' lang='lat' dir='ltr'><strong>editi,</strong></span> <span class='ocrx_word' id='word_1_216' title='bbox 969 2194 1014 2222; x_wconf 86' lang='lat' dir='ltr'><strong>ut</strong></span> <span class='ocrx_word' id='word_1_217' title='bbox 1043 2184 1085 2222; x_wconf 83' lang='lat' dir='ltr'><strong>in</strong></span> <span class='ocrx_word' id='word_1_218' title='bbox 1116 2195 1238 2225; x_wconf 82' lang='lat' dir='ltr'><strong>textu.</strong></span> <span class='ocrx_word' id='word_1_219' title='bbox 1271 2183 1320 2224; x_wconf 85' lang='lat' dir='ltr'><strong>R.</strong></span> <span class='ocrx_word' id='word_1_220' title='bbox 1353 2209 1404 2216; x_wconf 85' lang='lat'><strong>-—-</strong></span> <span class='ocrx_word' id='word_1_221' title='bbox 1435 2184 1545 2226; x_wconf 88' lang='lat' dir='ltr'><strong>Edd.</strong></span> 
     </span>
     <span class='ocr_line' id='line_1_32' title="bbox 125 2236 1034 2292; baseline 0.002 -16"><span class='ocrx_word' id='word_1_222' title='bbox 125 2236 322 2277; x_wconf 82' lang='lat' dir='ltr'><strong>Merlini:</strong></span> <span class='ocrx_word' id='word_1_223' title='bbox 355 2237 588 2286; x_wconf 81' lang='lat' dir='ltr'><strong>„habeatur</strong></span> <span class='ocrx_word' id='word_1_224' title='bbox 618 2237 700 2276; x_wconf 85' lang='lat' dir='ltr'><strong>hoc</strong></span> <span class='ocrx_word' id='word_1_225' title='bbox 731 2244 930 2292; x_wconf 87' lang='lat' dir='ltr'><strong>quoque“</strong></span> <span class='ocrx_word' id='word_1_226' title='bbox 961 2251 1034 2278; x_wconf 71' lang='lat' dir='ltr'><strong>etc.</strong></span> 
     </span>
    </p>
   </div>
   <div class='ocr_carea' id='block_1_10' title="bbox 241 2305 666 2361">
    <p class='ocr_par' dir='ltr' id='par_1_10' title="bbox 241 2305 666 2361">
     <span class='ocr_line' id='line_1_33' title="bbox 241 2305 666 2361; baseline 0.005 -16"><span class='ocrx_word' id='word_1_227' title='bbox 241 2305 288 2361; x_wconf 75' lang='lat'><strong>³)</strong></span> <span class='ocrx_word' id='word_1_228' title='bbox 320 2305 447 2346; x_wconf 76' lang='lat' dir='ltr'>Rom.</span> <span class='ocrx_word' id='word_1_229' title='bbox 478 2305 531 2355; x_wconf 87' lang='lat' dir='ltr'><strong>Il,</strong></span> <span class='ocrx_word' id='word_1_230' title='bbox 561 2306 598 2347; x_wconf 86' lang='lat'><strong>5.</strong></span> <span class='ocrx_word' id='word_1_231' title='bbox 628 2305 666 2347; x_wconf 86' lang='lat'><strong>6.</strong></span> 
     </span>
    </p>
   </div>
   <div class='ocr_carea' id='block_1_11' title="bbox 126 2374 1544 2481">
    <p class='ocr_par' dir='ltr' id='par_1_11' title="bbox 126 2374 1544 2481">
     <span class='ocr_line' id='line_1_34' title="bbox 244 2374 1544 2432; baseline 0.007 -19"><span class='ocrx_word' id='word_1_232' title='bbox 244 2374 290 2431; x_wconf 71' lang='lat'><strong>⁴)</strong></span> <span class='ocrx_word' id='word_1_233' title='bbox 320 2374 430 2416; x_wconf 88' lang='lat' dir='ltr'><strong>Edd.</strong></span> <span class='ocrx_word' id='word_1_234' title='bbox 461 2374 651 2416; x_wconf 83' lang='lat' dir='ltr'><strong>Merlini:</strong></span> <span class='ocrx_word' id='word_1_235' title='bbox 692 2377 764 2432; x_wconf 82' lang='lat' dir='ltr'><strong>qui</strong></span> <span class='ocrx_word' id='word_1_236' title='bbox 797 2376 944 2418; x_wconf 86' lang='lat' dir='ltr'><strong>dicunt</strong></span> <span class='ocrx_word' id='word_1_237' title='bbox 974 2378 1214 2420; x_wconf 78' lang='lat' dir='ltr'><strong>animarum</strong></span> <span class='ocrx_word' id='word_1_238' title='bbox 1253 2392 1425 2422; x_wconf 84' lang='lat' dir='ltr'><strong>naturas</strong></span> <span class='ocrx_word' id='word_1_239' title='bbox 1464 2381 1544 2422; x_wconf 84' lang='lat' dir='ltr'><strong>bo-</strong></span> 
     </span>
     <span class='ocr_line' id='line_1_35' title="bbox 126 2432 492 2481; baseline 0 -9"><span class='ocrx_word' id='word_1_240' title='bbox 126 2447 224 2481; x_wconf 86' lang='lat' dir='ltr'><strong>nas,</strong></span> <span class='ocrx_word' id='word_1_241' title='bbox 253 2433 319 2472; x_wconf 87' lang='lat' dir='ltr'><strong>vel</strong></span> <span class='ocrx_word' id='word_1_242' title='bbox 349 2432 492 2472; x_wconf 79' lang='lat' dir='ltr'><strong>malas.</strong></span> 
     </span>
    </p>
   </div>
   <div class='ocr_carea' id='block_1_12' title="bbox 245 2476 1312 2556">
    <p class='ocr_par' dir='ltr' id='par_1_12' title="bbox 245 2476 1312 2556">
     <span class='ocr_line' id='line_1_36' title="bbox 245 2476 1312 2556; baseline 0.006 -15"><span class='ocrx_word' id='word_1_243' title='bbox 245 2500 289 2556; x_wconf 75' lang='lat'><strong>⁵)</strong></span> <span class='ocrx_word' id='word_1_244' title='bbox 319 2501 399 2542; x_wconf 86' lang='lat' dir='ltr'><strong>Ed.</strong></span> <span class='ocrx_word' id='word_1_245' title='bbox 428 2500 488 2542; x_wconf 84' lang='lat' dir='ltr'><strong>M.</strong></span> <span class='ocrx_word' id='word_1_246' title='bbox 518 2501 569 2542; x_wconf 83' lang='lat'><strong>11.</strong></span> <span class='ocrx_word' id='word_1_247' title='bbox 599 2503 708 2544; x_wconf 69' lang='lat'>⁵010:</span> <span class='ocrx_word' id='word_1_248' title='bbox 739 2503 784 2544; x_wconf 75' lang='lat' dir='ltr'><strong>in</strong></span> <span class='ocrx_word' id='word_1_249' title='bbox 814 2504 898 2545; x_wconf 85' lang='lat' dir='ltr'><strong>hoc</strong></span> <span class='ocrx_word' id='word_1_250' title='bbox 930 2476 1206 2547; x_wconf 51' lang='lat' dir='ltr'><strong>assdfficemur</strong></span> <span class='ocrx_word' id='word_1_251' title='bbox 1236 2517 1312 2547; x_wconf 72' lang='lat' dir='ltr'><strong>etc.</strong></span> 
     </span>
    </p>
   </div>
   <div class='ocr_carea' id='block_1_13' title="bbox 130 2569 1545 2687">
    <p class='ocr_par' dir='ltr' id='par_1_13' title="bbox 130 2569 1545 2687">
     <span class='ocr_line' id='line_1_37' title="bbox 243 2569 1543 2627; baseline 0.005 -17"><span class='ocrx_word' id='word_1_252' title='bbox 243 2569 290 2626; x_wconf 77' lang='lat'><strong>⁵)</strong></span> <span class='ocrx_word' id='word_1_253' title='bbox 322 2571 484 2612; x_wconf 83' lang='lat' dir='ltr'><strong>Verba:</strong></span> <span class='ocrx_word' id='word_1_254' title='bbox 525 2571 666 2619; x_wconf 83' lang='lat' dir='ltr'><strong>„Saue</strong></span> <span class='ocrx_word' id='word_1_255' title='bbox 695 2574 899 2627; x_wconf 84' lang='lat' dir='ltr'><strong>quoniam</strong></span> <span class='ocrx_word' id='word_1_256' title='bbox 930 2597 983 2604; x_wconf 90' lang='lat'>—</span> <span class='ocrx_word' id='word_1_257' title='bbox 1015 2574 1120 2624; x_wconf 85' lang='lat' dir='ltr'><strong>Dei,</strong></span> <span class='ocrx_word' id='word_1_258' title='bbox 1149 2587 1197 2616; x_wconf 92' lang='lat' dir='ltr'><strong>ut</strong></span> <span class='ocrx_word' id='word_1_259' title='bbox 1227 2601 1278 2608; x_wconf 90' lang='lat'><strong>--</strong></span> <span class='ocrx_word' id='word_1_260' title='bbox 1308 2577 1543 2617; x_wconf 70' lang='lat' dir='ltr'><strong>secundum</strong></span> 
     </span>
     <span class='ocr_line' id='line_1_38' title="bbox 130 2628 1545 2687; baseline 0.003 -19"><span class='ocrx_word' id='word_1_261' title='bbox 130 2642 262 2682; x_wconf 85' lang='lat' dir='ltr'><strong>opera</strong></span> <span class='ocrx_word' id='word_1_262' title='bbox 300 2633 422 2676; x_wconf 83' lang='lat' dir='ltr'><strong>sua,“</strong></span> <span class='ocrx_word' id='word_1_263' title='bbox 461 2628 754 2669; x_wconf 80' lang='lat' dir='ltr'><strong>desiderantur</strong></span> <span class='ocrx_word' id='word_1_264' title='bbox 791 2630 835 2670; x_wconf 88' lang='lat' dir='ltr'><strong>in</strong></span> <span class='ocrx_word' id='word_1_265' title='bbox 874 2628 989 2671; x_wconf 73' lang='lat' dir='ltr'><strong>libris</strong></span> <span class='ocrx_word' id='word_1_266' title='bbox 1028 2642 1149 2672; x_wconf 84' lang='lat' dir='ltr'><strong>antea</strong></span> <span class='ocrx_word' id='word_1_267' title='bbox 1190 2631 1307 2673; x_wconf 83' lang='lat' dir='ltr'><strong>editis</strong></span> <span class='ocrx_word' id='word_1_268' title='bbox 1347 2631 1405 2687; x_wconf 79' lang='lat' dir='ltr'><strong>(e.</strong></span> <span class='ocrx_word' id='word_1_269' title='bbox 1437 2650 1469 2672; x_wconf 87' lang='lat' dir='ltr'><strong>c.</strong></span> <span class='ocrx_word' id='word_1_270' title='bbox 1500 2633 1545 2672; x_wconf 86' lang='lat' dir='ltr'><strong>in</strong></span> 
     </span>
    </p>
   </div>
   <div class='ocr_carea' id='block_1_14' title="bbox 130 2680 1546 2742">
    <p class='ocr_par' dir='ltr' id='par_1_14' title="bbox 130 2680 1546 2742">
     <span class='ocr_line' id='line_1_39' title="bbox 130 2680 1546 2742; baseline 0.004 -19"><span class='ocrx_word' id='word_1_271' title='bbox 130 2684 226 2724; x_wconf 81' lang='lat' dir='ltr'><strong>edd.</strong></span> <span class='ocrx_word' id='word_1_272' title='bbox 257 2680 358 2737; x_wconf 78' lang='lat' dir='ltr'><strong>M),</strong></span> <span class='ocrx_word' id='word_1_273' title='bbox 389 2694 429 2723; x_wconf 87' lang='lat' dir='ltr'><strong>et</strong></span> <span class='ocrx_word' id='word_1_274' title='bbox 456 2683 502 2723; x_wconf 81' lang='lat' dir='ltr'><strong>in</strong></span> <span class='ocrx_word' id='word_1_275' title='bbox 531 2683 637 2725; x_wconf 85' lang='lat' dir='ltr'><strong>Msc.</strong></span> <span class='ocrx_word' id='word_1_276' title='bbox 658 2684 756 2737; x_wconf 81' lang='lat' dir='ltr'><strong>Reg.</strong></span> <span class='ocrx_word' id='word_1_277' title='bbox 777 2703 894 2727; x_wconf 88' lang='lat' dir='ltr'><strong>num.</strong></span> <span class='ocrx_word' id='word_1_278' title='bbox 923 2685 1058 2734; x_wconf 71' lang='grc'><strong>1639,</strong></span> <span class='ocrx_word' id='word_1_279' title='bbox 1087 2703 1166 2727; x_wconf 85' lang='lat' dir='ltr'><strong>nec</strong></span> <span class='ocrx_word' id='word_1_280' title='bbox 1195 2704 1283 2728; x_wconf 87' lang='lat' dir='ltr'><strong>non</strong></span> <span class='ocrx_word' id='word_1_281' title='bbox 1317 2688 1432 2742; x_wconf 77' lang='lat' dir='ltr'><strong>apud</strong></span> <span class='ocrx_word' id='word_1_282' title='bbox 1464 2687 1546 2728; x_wconf 74' lang='lat' dir='ltr'><strong>Ra-</strong></span> 
     </span>
    </p>
   </div>
   <div class='ocr_carea' id='block_1_15' title="bbox 129 2740 1545 3000">
    <p class='ocr_par' dir='ltr' id='par_1_15' title="bbox 129 2740 1203 2789">
     <span class='ocr_line' id='line_1_40' title="bbox 129 2740 1203 2789; baseline 0.006 -12"><span class='ocrx_word' id='word_1_283' title='bbox 129 2740 315 2789; x_wconf 84' lang='lat' dir='ltr'><strong>banum;</strong></span> <span class='ocrx_word' id='word_1_284' title='bbox 341 2740 416 2780; x_wconf 85' lang='lat' dir='ltr'><strong>sed</strong></span> <span class='ocrx_word' id='word_1_285' title='bbox 446 2740 721 2781; x_wconf 79' lang='lat' dir='ltr'><strong>restituuntur</strong></span> <span class='ocrx_word' id='word_1_286' title='bbox 751 2757 797 2781; x_wconf 86' lang='lat' dir='ltr'><strong>ex</strong></span> <span class='ocrx_word' id='word_1_287' title='bbox 827 2743 997 2782; x_wconf 84' lang='lat' dir='ltr'><strong>caeteris</strong></span> <span class='ocrx_word' id='word_1_288' title='bbox 1028 2742 1126 2783; x_wconf 86' lang='lat' dir='ltr'><strong>Mss.</strong></span> <span class='ocrx_word' id='word_1_289' title='bbox 1156 2742 1203 2785; x_wconf 83' lang='lat' dir='ltr'><strong>R.</strong></span> 
     </span>
    </p>

    <p class='ocr_par' dir='ltr' id='par_1_16' title="bbox 248 2806 1358 2864">
     <span class='ocr_line' id='line_1_41' title="bbox 248 2806 1358 2864; baseline 0.005 -18"><span class='ocrx_word' id='word_1_290' title='bbox 248 2806 293 2861; x_wconf 84' lang='lat'><strong>⁷)</strong></span> <span class='ocrx_word' id='word_1_291' title='bbox 323 2807 474 2849; x_wconf 86' lang='lat' dir='ltr'><strong>Ezech.</strong></span> <span class='ocrx_word' id='word_1_292' title='bbox 503 2806 660 2857; x_wconf 81' lang='lat' dir='ltr'><strong>XVIII,</strong></span> <span class='ocrx_word' id='word_1_293' title='bbox 689 2810 755 2851; x_wconf 76' lang='grc'><strong>24.</strong></span> <span class='ocrx_word' id='word_1_294' title='bbox 874 2809 921 2864; x_wconf 71' lang='lat'><strong>3)</strong></span> <span class='ocrx_word' id='word_1_295' title='bbox 950 2811 1031 2854; x_wconf 87' lang='lat' dir='ltr'><strong>Ed.</strong></span> <span class='ocrx_word' id='word_1_296' title='bbox 1058 2811 1217 2853; x_wconf 79' lang='lat' dir='ltr'><strong>Ruaei:</strong></span> <span class='ocrx_word' id='word_1_297' title='bbox 1247 2812 1358 2853; x_wconf 80' lang='lat' dir='ltr'><strong>fecit.</strong></span> 
     </span>
    </p>

    <p class='ocr_par' dir='ltr' id='par_1_17' title="bbox 132 2875 1545 3000">
     <span class='ocr_line' id='line_1_42' title="bbox 250 2875 1545 2929; baseline 0.007 -14"><span class='ocrx_word' id='word_1_298' title='bbox 250 2875 297 2929; x_wconf 81' lang='lat'><strong>9)</strong></span> <span class='ocrx_word' id='word_1_299' title='bbox 328 2875 433 2919; x_wconf 85' lang='lat' dir='ltr'><strong>Msc.</strong></span> <span class='ocrx_word' id='word_1_300' title='bbox 462 2876 565 2929; x_wconf 86' lang='lat' dir='ltr'><strong>Reg.</strong></span> <span class='ocrx_word' id='word_1_301' title='bbox 602 2895 721 2920; x_wconf 88' lang='lat' dir='ltr'><strong>num.</strong></span> <span class='ocrx_word' id='word_1_302' title='bbox 752 2880 872 2924; x_wconf 84' lang='grc'><strong>1640.</strong></span> <span class='ocrx_word' id='word_1_303' title='bbox 912 2895 1005 2922; x_wconf 87' lang='lat' dir='ltr'><strong>non</strong></span> <span class='ocrx_word' id='word_1_304' title='bbox 1049 2880 1545 2924; x_wconf 79' lang='lat' dir='ltr'><strong>commemorabuntur.·</strong></span> 
     </span>
     <span class='ocr_line' id='line_1_43' title="bbox 132 2952 1218 3000; baseline 0.006 -7"><span class='ocrx_word' id='word_1_305' title='bbox 132 2952 354 2994; x_wconf 70' lang='lat' dir='ltr'><strong>Omessms</strong></span> <span class='ocrx_word' id='word_1_306' title='bbox 387 2953 556 2996; x_wconf 60' lang='lat' dir='ltr'><strong>OPERA,</strong></span> <span class='ocrx_word' id='word_1_307' title='bbox 588 2954 708 2997; x_wconf 80' lang='lat' dir='ltr'><strong>Tom.</strong></span> <span class='ocrx_word' id='word_1_308' title='bbox 734 2956 802 2996; x_wconf 86' lang='lat' dir='ltr'><strong>VI.</strong></span> <span class='ocrx_word' id='word_1_309' title='bbox 1191 2960 1218 3000; x_wconf 79' lang='lat'><strong>(5</strong></span> 
     </span>
    </p>
   </div>
  </div>
 </body>
</html>
