1788 3111
207 103 296 147 282
552 98 777 142 ORIGEMS
807 110 854 141 m
883 98 962 140 Ep,
991 108 1051 139 An
1084 97 1309 150 Rommos

211 231 311 268 ergo
341 226 521 271 propter
547 224 722 271 peccata
753 223 922 262 nostra,
961 222 1001 252 et
1033 210 1257 252 resurrexit
1285 223 1463 267 propter
1491 211 1641 271 justifi-

212 293 426 335 cationem
472 295 702 334 nostram.“
777 287 948 330 Etenim
969 288 1012 343 ¹)
1058 288 1091 329 si
1143 289 1483 330 consurreximus
1541 307 1638 332 cum

211 371 405 420 Christo,
444 370 517 426 qui
548 381 608 411 cst
644 366 823 426 justitia,
862 378 903 406 et
933 365 979 406 in
1008 364 1195 406 novitate
1222 365 1329 406 vitae
1359 368 1640 418 ambulamus,

210 460 251 489 et
277 449 514 489 secundum
546 445 746 504 justitiam
777 443 966 493 vivimus,
1001 443 1179 484 surrexit
1209 443 1334 484 nobis
1366 443 1556 486 Christus
1585 445 1639 486 ad

209 523 553 583 justificationem
584 535 788 564 nostram.
847 520 893 561 Si
921 537 1022 561 vero
1051 521 1250 560 nondum
1268 520 1542 576 deposuimus
1570 537 1641 562 ve-

210 614 343 644 terem
360 599 406 657 ²)
445 600 668 642 hominem
708 616 806 640 cum
849 598 1010 639 actibus
1038 597 1143 646 suis,
1172 599 1246 639 sed
1275 597 1320 637 in
1348 595 1550 655 injustitia
1579 597 1641 639 vi-

209 680 368 729 vimus,
407 680 545 720 audeo
590 677 754 727 dicere,
791 676 910 732 quod
950 677 1148 716 nondum
1187 673 1371 730 nobis³)
1417 673 1641 714 resurrexit

214 757 404 798 Christus
437 758 489 797 ad
522 754 889 813 justificationem,
929 769 1008 794 nec
1038 752 1216 793 traditus
1248 763 1305 792 est
1334 763 1513 807 propter
1540 767 1640 806 pec-

210 845 301 874 cata
340 844 499 873 nostra.
567 831 613 872 Si
653 830 764 871 enim
806 831 890 871 hoc
933 831 1086 879 credo,
1125 830 1350 886 quomodo
1388 829 1497 869 illud
1527 844 1641 877 amn,

209 927 292 966 pro
326 926 412 965 quo
443 909 515 950 ille
545 908 720 963 pertulit
748 905 965 948 mortem?
1024 906 1070 947 Si
1104 906 1189 947 hoc
1220 908 1373 956 credo,
1418 907 1535 962 quod
1567 906 1639 947 ille

210 989 264 1028 ad
292 985 636 1044 justificationem
667 1001 806 1026 meam
834 983 1031 1034 surrexit,
1072 985 1297 1040 quomodo
1328 982 1497 1037 mihi4)
1525 980 1638 1037 inju-

211 1064 320 1106 stitia
362 1060 531 1119 placet?
587 1061 797 1103 Justificat
835 1076 934 1113 ergo
976 1077 1048 1103 eos
1089 1061 1279 1103 Christus
1319 1060 1639 1106 tantummodo,

211 1139 284 1194 qui
311 1156 470 1180 novam
511 1139 640 1180 vitam
687 1139 882 1193 exemplo
922 1139 1241 1180 resurrectionis
1274 1137 1406 1194 ipsius
1443 1151 1638 1191 suscepe—

206 1228 320 1267 runt,
350 1228 389 1258 et
417 1228 574 1258 vetusta
604 1213 830 1272 injustitiae
855 1227 982 1270 atque
1010 1215 1239 1271 iniquitatis
1269 1215 1523 1256 indumenta
1553 1215 1638 1254 vel—

210 1306 259 1335 ut
299 1311 467 1335 causam
511 1293 663 1333 mortis
703 1290 922 1348 abjiciunt.
990 1292 1078 1333 Sed
1115 1292 1222 1333 illud
1271 1291 1458 1348 velim⁵)
1495 1290 1637 1346 requi·

207 1388 315 1422 rere,
344 1371 378 1412 si
405 1388 487 1427 pro
520 1372 605 1411 hoc
634 1370 729 1411 solo
772 1369 875 1410 dicit
905 1369 1160 1424 Apostolus,
1200 1369 1299 1425 quia
1315 1366 1360 1424 ⁶)
1401 1384 1495 1409 non
1532 1384 1636 1423 pro-

209 1463 306 1507 pter
344 1448 565 1490 Abraham
604 1445 808 1501 solum7)
846 1445 1055 1502 scriptum
1088 1458 1170 1496 est,
1207 1446 1342 1500 sed⁸)
1382 1457 1423 1487 et
1461 1456 1641 1501 propter

211 1545 316 1578 nos,
356 1526 477 1582 quod
514 1523 641 1566 dixit:
679 1523 948 1579 „credidit⁹)
989 1524 1209 1566 Abraham
1239 1525 1360 1573 Deo,
1401 1535 1441 1564 et
1469 1534 1638 1579 reputa-

207 1618 299 1647 tum
339 1615 398 1645 est
439 1602 501 1643 illi
542 1603 595 1643 ad
633 1600 873 1658 justitiam.“
930 1601 1138 1652 Putasne,
1185 1599 1393 1657 quod¹⁰)
1423 1601 1538 1642 solus
1567 1599 1636 1640 hic

208 1698 348 1725 sermo
382 1697 430 1720 ex
461 1679 684 1729 omnibus,
717 1694 825 1733 quae
856 1677 1056 1719 dicuntur
1087 1680 1139 1719 de
1168 1680 1409 1728 Abraham,
1447 1695 1538 1719 non
1567 1695 1637 1719 so-

210 1760 301 1801 lum
333 1768 515 1814 propter
542 1755 688 1805 illum,
723 1757 798 1796 sed
829 1766 869 1796 ct
897 1767 1076 1811 propter
1103 1773 1182 1797 nos
1210 1755 1389 1811 scriptus
1422 1754 1510 1797 est?
1569 1754 1637 1794 An

209 1847 250 1878 et
273 1836 353 1878 alia
385 1834 525 1890 aliqua
554 1833 814 1874 videbuntur
843 1849 932 1873 non
958 1833 1098 1874 solum
1127 1816 1306 1888 propter
1332 1832 1468 1882 illum,
1495 1832 1570 1873 scd
1601 1842 1640 1871 ct

208 1923 389 1969 propter
417 1928 497 1952 nos
523 1907 709 1965 scripta?
737 1909 807 1950 An
827 1921 938 1950 certe
956 1910 1115 1960 omnia,
1145 1925 1254 1965 quae
1272 1908 1283 1932 ¹
1300 1909 1343 1959 ¹)
1377 1911 1430 1951 dc
1459 1909 1553 1965 ipso
1576 1907 1638 1949 di-

334 2047 378 2100 ¹)
407 2045 518 2088 Edd.
548 2044 744 2085 Merlini:
775 2043 946 2085 Etenim
975 2043 1009 2085 si
1037 2043 1293 2085 surreximus
1324 2059 1422 2083 cum
1453 2053 1529 2084 etc.

329 2115 376 2172 ²)
409 2114 574 2157 Coloss.
605 2114 678 2163 Ill,
708 2115 746 2158 9.

332 2187 378 2243 ³)
408 2187 520 2228 Edd.
551 2185 745 2226 Merlini:
776 2185 1000 2227 resurrexit
1027 2183 1167 2225 nobis.

330 2255 377 2312 ⁴)
409 2256 687 2352 gesidcratur
723 2255 769 2296 in
819 2267 940 2296 antea
978 2254 1096 2296 editis
1134 2254 1194 2310 (v.
1234 2271 1268 2296 c.
1307 2253 1351 2294 iu
1395 2254 1491 2294 edd.
1529 2252 1637 2307 Μ.>;

210 2314 381 2366 ‚,mihi.“
452 2344 460 2352 .

328 2383 375 2434 ⁵)
406 2383 519 2423 Edd.
548 2381 744 2423 Merlini:
774 2383 938 2423 vellem.
1055 2380 1102 2436 ⁶)
1133 2380 1258 2423 Rom.
1288 2381 1361 2430 IV,
1387 2381 1454 2423 23-

330 2453 377 2505 7)
406 2454 455 2493 ln
489 2452 607 2495 editis
637 2453 696 2508 (v,
727 2470 758 2493 c.
790 2453 834 2494 in
865 2453 959 2493 edd.
996 2450 1082 2505 M.)
1114 2450 1320 2492 omittitur
1353 2451 1557 2499 „solum.“
1588 2449 1634 2490 R.

329 2522 376 2580 ⁸)
406 2523 486 2563 Ed.
529 2523 588 2562 M.
628 2522 669 2564 I:
718 2524 815 2572 „sed
846 2533 1026 2578 propter
1056 2527 1177 2571 vos,“
1223 2522 1289 2566 cd,
1329 2520 1389 2560 M.
1436 2519 1497 2559 ll:
1538 2520 1633 2570 „sed

213 2592 392 2638 propter
422 2583 542 2621 nos.“

333 2649 378 2706 9)
410 2649 537 2691 Rom.
569 2650 642 2699 IV,
672 2651 710 2693 3.
743 2649 840 2689 coll.
873 2647 1023 2688 Gcncs.
1053 2646 1150 2696 XV,
1179 2648 1218 2690 6.

309 2721 380 2777 ¹⁰)
413 2722 542 2762 Deest
571 2722 743 2776 ‚,quod“
772 2718 813 2759 in
847 2719 941 2758 edd.
973 2717 1156 2759 Merlini.

312 2790 383 2846 ¹¹)
417 2791 529 2832 Alias
560 2790 620 2845 (v.
652 2807 683 2830 c.
716 2789 759 2829 in
791 2789 886 2828 cdd.
919 2786 1013 2842 Μ);
1055 2804 1190 2840 „quae
1220 2777 1420 2830 dicuntur
1451 2787 1503 2829 de
1542 2785 1633 2843 ipso

217 2851 325 2900 solo,
354 2850 426 2890 sed
463 2859 501 2889 et
531 2863 610 2903 pro
642 2845 765 2887 nobis
797 2843 1053 2886 dicuutur?“
1083 2846 1133 2885 B.
