1788 3111
234 158 321 203 228
576 157 802 201 Omanms
830 167 881 200 m
906 156 986 200 ΕΡ.
1016 167 1076 200 An
1108 152 1332 202 RomAno's

233 272 309 315 sed
338 269 558 314 statuimus
597 283 638 312 et
673 272 991 315 confirmamus.
1059 271 1208 328 Sed¹)
1239 271 1358 322 vide,
1388 272 1423 315 si
1454 272 1664 330 possimus

233 351 320 391 hoc
349 351 508 399 modo,
547 350 667 405 quod
703 347 961 400 intentatur,
1002 350 1232 391 absolvere.
1299 350 1400 391 Non
1441 363 1500 392 est
1534 352 1666 403 idem,

234 428 354 483 quod
380 425 562 482 dixit22)
586 425 748 478 „legem
776 426 1077 468 destruimus:“
1108 438 1169 468 et:
1201 427 1267 468 lex
1286 427 1523 469 destruitur.
1552 428 1667 470 Pau-

233 506 298 546 lus
330 519 428 556 ergo
467 503 514 545 in
550 503 764 559 praesenti
802 504 903 544 loco
935 503 1020 544 hoc
1060 505 1334 560 pronuntiat,
1371 505 1491 560 quod
1526 506 1664 563 legem

232 582 324 639 ipse
363 598 457 623 non
498 582 695 623 destruat.
761 580 874 622 Nam
913 591 953 621 et
989 580 1024 622 si
1063 583 1293 623 destruitur
1330 583 1395 623 lex
1438 598 1518 638 per
1560 598 1667 632 eam,

236 675 346 715 quae
374 658 684 714 supereminet,
715 657 918 710 gloriam,
954 675 1047 699 non
1076 675 1155 714 per
1183 658 1388 709 Paulum,
1419 675 1559 714 neque
1588 675 1668 714 per

234 735 367 777 alium
409 735 594 790 aliquem
637 747 885 777 sanctorum
931 735 1170 777 destruitur.
1225 735 1356 778 Unde
1387 747 1427 777 et
1452 735 1541 792 ipse
1571 735 1667 776 Do-

233 813 374 854 minus
396 811 586 853 dicebat:
607 830 726 863 „non
741 812 789 870 ³)
816 811 911 853 veni
930 814 1094 854 solvere
1114 813 1263 866 legem,
1291 816 1365 855 sed
1392 812 1668 867 adimplere.“

232 890 386 930 Nullus
419 904 517 941 ergo
551 902 813 940 sanctorum,
841 906 922 930 nec
951 889 1041 944 ipse
1064 888 1280 932 Dominus
1311 891 1487 932 destruit
1516 890 1667 941 legem,

230 968 306 1008 sed
336 966 467 1019 gloria
496 965 583 1023 ejus
612 967 859 1023 temporalis
891 978 930 1008 et
958 965 1242 1022 pertransiens
1275 983 1298 1008 a
1329 967 1464 1020 gloria
1496 977 1667 1007 aeterna

232 1056 274 1086 et
300 1055 580 1100 permanente
611 1044 838 1086 destruitur
869 1056 910 1085 et
935 1055 1170 1099 superatur.
1229 1043 1359 1085 Unde
1386 1044 1506 1094 vide,
1536 1059 1665 1099 quam

233 1133 355 1162 caute
396 1132 435 1162 et
476 1119 778 1177 perspicaciter
818 1121 1093 1176 Apostolicae
1137 1121 1341 1172 legendae
1387 1122 1470 1163 sint
1505 1121 1665 1162 literae.

228 1197 332 1239 Non
365 1198 485 1240 dixit:
514 1213 679 1252 „neque
693 1195 739 1253 ⁴²)
769 1196 882 1238 enim
917 1197 1201 1248 glorificatum
1233 1208 1314 1247 est,
1353 1200 1474 1253 quod
1503 1198 1665 1249 glorio-

231 1290 327 1314 sum
358 1278 472 1315 est:“
509 1286 551 1315 et
587 1274 722 1324 siluit,
760 1298 817 1307 -—-
859 1273 1053 1329 alioquin
1088 1274 1243 1316 falsum
1278 1273 1514 1314 videretur:
1556 1289 1666 1328 quo-

228 1351 368 1392 modo
401 1350 529 1401 enim,
559 1351 679 1406 quod
709 1348 942 1402 gloriosum
975 1361 1054 1401 est,
1091 1367 1184 1392 non
1225 1363 1327 1393 esset
1354 1347 1667 1403 glorificatum?

231 1450 288 1458 —-
305 1427 381 1468 sed
403 1426 591 1469 addidit:
619 1439 825 1485 „propter
850 1443 957 1477 eam,
979 1443 1088 1482 quae
1104 1428 1404 1484 supereminet,
1434 1426 1614 1479 gloriam
1627 1431 1664 1467 :“

228 1515 276 1546 ut
308 1505 572 1555 ostenderet,
607 1521 700 1546 non
740 1522 763 1547 a
804 1520 1067 1561 quocunque
1109 1505 1268 1547 destrui
1307 1505 1485 1557 gloriam
1517 1504 1665 1554 Mosis,

228 1582 275 1624 id
319 1593 397 1632 est,
434 1582 558 1634 legis,
586 1583 684 1632 sed,
725 1593 774 1623 ut
814 1581 1017 1631 diximus,
1058 1598 1105 1623 ex
1136 1583 1462 1638 comparatione
1490 1580 1665 1640 majoris

229 1659 403 1710 gloriae,
434 1675 543 1715 quae
573 1659 619 1700 in
652 1657 820 1701 Christo
851 1671 924 1710 est,
958 1660 1100 1711 obtegi
1127 1671 1167 1701 et
1197 1659 1417 1701 obscurari
1448 1676 1541 1700 eam
1571 1661 1664 1712 glo-

228 1736 350 1786 riam,
381 1752 491 1792 quae
520 1736 565 1777 in
586 1737 676 1787 lege
719 1747 800 1788 est3
845 1748 886 1779 et
927 1737 1027 1778 ideo
1072 1735 1196 1777 dicit:
1234 1733 1356 1791 „si⁵)
1397 1735 1511 1776 enim
1543 1736 1664 1792 quod

230 1813 472 1862 destruitur,
500 1828 580 1869 per
610 1812 791 1866 gloriam
823 1825 903 1865 est3
935 1814 1073 1855 multo
1104 1812 1247 1864 magis,
1281 1814 1401 1867 quod
1430 1824 1586 1862 manet,
1616 1812 1662 1854 in

228 1889 363 1942 gloria
392 1894 490 1932 est.“
547 1890 728 1932 Manere
754 1907 864 1947 quae
885 1889 1041 1932 Christi
1067 1901 1165 1932 sunt
1196 1889 1319 1939 dicit,
1351 1888 1522 1938 destrui,
1553 1905 1663 1944 quae

228 1967 365 2009 Mosis
393 1979 512 2009 sunt:
540 1970 615 2010 sed
647 1968 805 2010 destrui
844 1984 934 2009 non
974 1984 1053 2024 per
1082 1967 1328 2017 hominem,
1357 1968 1431 2009 sed
1464 1983 1511 2008 ex
1542 1984 1663 2008 com-

225 2044 467 2100 paratione,
496 2055 543 2085 ut
575 2043 767 2095 diximus,
795 2045 1148 2101 supereminentis
1165 2043 1211 2100 6)
1243 2044 1424 2096 gloriae3
1453 2044 1660 2100 quoniam

228 2121 402 2177 quidem
436 2123 527 2172 „lex
542 2119 586 2178 ⁷)
617 2123 887 2179 paedagogus
914 2133 1063 2164 noster
1091 2122 1172 2164 fuit
1201 2121 1245 2163 in
1278 2120 1489 2172 Christo,“
1519 2121 1661 2162 donee

347 2304 392 2357 ¹)
421 2303 538 2346 Editi
568 2304 628 2361 (e.
662 2322 695 2346 e.
727 2306 822 2347 edd.
853 2303 963 2363 M.:)
1022 2303 1137 2356 „Sed
1175 2303 1278 2345 inde
1313 2319 1541 2360 possumus
1571 2303 1656 2344 hoc

226 2361 390 2402 modo“
419 2372 496 2402 etc.
525 2362 655 2403 Male.
685 2361 736 2403 R.

343 2429 390 2486 2)
420 2431 556 2473 Alias:
586 2431 756 2482 „dicit.“
785 2431 837 2473 R.
870 2455 923 2464 —
955 2428 1041 2472 Csr.
1073 2430 1200 2474 Rom.
1229 2430 1303 2480 III,
1331 2430 1400 2474 31.

341 2500 389 2556 ³)
419 2499 572 2542 Matth.
604 2501 656 2551 V,
686 2502 754 2544 17.

343 2569 389 2627 ⁴>
422 2571 462 2611 11
493 2569 595 2614 cor.
626 2569 702 2620 ΠΙ,
732 2571 798 2614 10.

343 2640 388 2696 ⁶)
418 2640 458 2680 ῙῘ
491 2639 590 2683 Cor.
619 2639 694 2691 III,
722 2640 788 2682 11.

340 2704 395 2766 ὃ)
416 2709 497 2752 Ed.
536 2709 672 2752 Ruaei
709 2709 802 2751 sola
833 2709 877 2750 in
909 2720 1041 2751 textu:
1074 2707 1470 2765 ‚,supervenientis‚“
1499 2705 1542 2749 in
1573 2723 1655 2748 no-

223 2768 294 2810 tis:
324 2767 410 2816 „sic
443 2766 542 2808 Mss.
572 2766 708 2808 nostri
739 2782 901 2811 omnes.
940 2766 1053 2809 Alias
1082 2766 1143 2822 (v.
1176 2781 1221 2808 c.·
1240 2767 1285 2808 in
1316 2765 1412 2807 edd.
1440 2763 1550 2819 M.):
1580 2778 1653 2806 su·

220 2824 566 2881 pereminentz‘s.
597 2823 753 2864 Male.·‘
782 2821 852 2879 (Ρ)

340 2892 386 2951 ’)
418 2891 558 2936 Galat.
590 2892 664 2944 III,
691 2893 757 2935 24.
