1788 3111
497 123 942 166 COMMENTAMORUM
969 121 1064 165 Lm.
1093 119 1146 162 ΙΙ.
1447 120 1530 163 153

120 237 166 279 in
196 240 366 278 terra:“
397 237 485 287 vel,
512 248 560 278 ut
587 237 739 277 iterum
771 233 968 276 dicimus:
1009 231 1167 287 „{'1at¹)
1196 247 1278 288 pax
1306 231 1352 273 in
1381 231 1532 274 virtute

120 319 248 356 tua:“
278 330 368 355 non
399 313 674 370 imperantes,
703 312 776 352 sed
806 321 1017 366 optantes,
1047 310 1136 351 imo
1167 309 1309 365 potius
1335 327 1533 366 pronun-

122 391 292 440 tiantes,
326 403 365 431 et
397 402 581 439 caetera,
620 388 718 445 quia
749 404 839 428 non
869 399 1009 443 potest
1035 404 1118 443 pax
1145 386 1239 429 fieri
1267 387 1347 428 nisi
1375 387 1421 428 in
1450 387 1533 428 vir-

120 478 207 508 tute
236 467 341 508 Dei:
372 468 428 509 ita
460 478 500 507 et
529 467 597 507 hic
625 466 739 506 velut
757 464 1072 520 pronuntiantis
1098 480 1237 505 sermo
1264 464 1533 518 accipiendus

124 555 202 586 est:
234 543 395 598 „fiat²)
430 555 569 584 autem
599 542 718 583 Deus
748 558 882 592 verax,
915 542 1053 584 omnis
1084 554 1221 583 autem
1247 541 1381 582 homo
1413 558 1533 582 men-

125 622 244 661 dax.“
303 620 388 661 Sed
420 631 458 661 et
486 620 572 661 hoc
600 619 820 661 sciendum
854 632 924 670 est,
954 620 1072 676 quod
1093 636 1234 662 sermo
1266 618 1352 669 iste,
1381 618 1425 660 id
1457 629 1536 659 est:

124 696 298 747 „omnis
336 697 469 737 homo
514 698 752 737 mendax:“
795 698 848 737 de
877 697 1048 739 Psalmo
1094 695 1322 737 centesimo
1367 694 1535 736 decimo

125 773 274 829 quinto
306 785 508 815 assumtus
540 785 615 823 est,
654 772 730 814 ubi
771 773 892 815 dicit:
931 790 1033 826 „ego
1050 772 1097 830 3)
1137 772 1338 827 autem4)
1380 772 1463 813 dixi
1491 771 1539 812 in

125 865 290 890 excessu
338 866 460 890 meo:
513 850 649 891 omnis
688 850 822 891 homo
863 853 1089 891 mendax.“
1159 849 1302 904 Hic⁵)
1341 864 1441 889 vero
1483 850 1539 890 ad

126 926 354 967 evidentius
393 925 723 968 illuminandum
767 928 966 983 Apostoli
1005 943 1172 968 sensum
1218 944 1311 967 non
1350 927 1541 967 videatur

125 1003 358 1054 legentibus
381 1019 626 1054 onerosum,
642 1003 677 1045 si
691 1004 735 1058 6)
755 1003 914 1045 Psalmi
930 1003 1057 1059 ipsius
1082 1002 1403 1052 continentiam,
1423 1005 1542 1045 unde

129 1080 300 1121 assumit
329 1079 638 1130 testimonium,
678 1082 860 1122 breviter
891 1097 1164 1136 exponamus.
1221 1079 1401 1121 Videtur
1440 1096 1539 1133 ergo

127 1157 234 1198 mihi
263 1158 389 1197 talem
421 1158 633 1212 quendam
664 1156 935 1214 propheta7)
966 1156 1163 1198 nuntiare
1189 1173 1372 1199 sensum.
1431 1157 1544 1200 Cum

128 1236 262 1274 multa
289 1234 390 1282 sint,
428 1233 586 1287 inquit,
630 1236 745 1290 apud
775 1234 968 1276 homines
1008 1236 1227 1286 dogmata,
1268 1246 1308 1275 et
1336 1235 1459 1276 multi
1490 1236 1544 1276 de

129 1309 310 1352 veritatis
337 1309 611 1364 inquisitione
648 1311 1030 1366 philosophentur,
1072 1327 1255 1366 cumque
1286 1312 1544 1366 oporteatss)

131 1388 177 1428 in
207 1387 269 1427 his
301 1386 499 1427 omnibus
533 1388 847 1442 quaestionibus
877 1389 1134 1443 praecedere
1161 1388 1298 1428 filium
1328 1388 1434 1428 Dei:
1474 1388 1547 1431 alii

132 1463 326 1519 quidem,
368 1463 441 1519 qui
469 1480 558 1504 non
590 1464 705 1519 prius
737 1466 950 1506 credentes
980 1463 1265 1520 quaesierunt,
1309 1482 1398 1505 non
1429 1466 1546 1506 inve-

130 1551 308 1589 nerunt,
348 1556 424 1592 ego
460 1551 619 1590 autem,
660 1540 758 1595 quia
797 1541 979 1591 credidi,
1021 1552 1247 1596 antequam
1283 1558 1547 1597 quaererem,

131 1617 317 1664 idcireo,
356 1618 475 1671 quod
505 1618 782 1671 quaerebam,
821 1617 985 1666 inveni,
1028 1628 1067 1658 et
1101 1634 1193 1658 non
1222 1620 1363 1659 solum
1392 1619 1547 1669 inveni,

130 1695 204 1736 sed
236 1705 275 1734 et
303 1694 471 1734 locutus
500 1709 614 1742 sum,
646 1704 686 1733 et
713 1693 957 1733 annuntiavi
990 1694 1185 1749 populis,
1216 1711 1344 1750 quam
1375 1696 1547 1738 invene·

133 1789 246 1819 ram,
287 1771 513 1811 veritatem.
571 1769 660 1810 Nee
700 1781 842 1810 tamen
882 1769 1054 1811 inventa
1082 1771 1253 1813 veritate
1293 1773 1422 1814 elatus
1452 1790 1548 1814 sum

129 1849 174 1890 in
204 1847 429 1903 sapientia,
457 1862 598 1902 neque
625 1845 793 1887 inflatus
821 1846 867 1887 in
895 1846 1068 1888 scientia
1097 1864 1204 1898 mea,
1232 1850 1306 1890 sed
1337 1866 1386 1889 co
1417 1850 1548 1901 magis

131 1925 375 1967 humiliatus
413 1940 529 1972 sum,
572 1940 668 1964 cum
698 1924 849 1975 agnovi
879 1935 918 1965 et
957 1924 1143 1967 intellexi
1175 1925 1418 1967 Dominum
1451 1942 1548 1974 esse,

133 2002 207 2058 qui
241 2003 366 2044 docet
380 2001 426 2057 9)
457 2016 631 2042 omnem
652 2000 884 2043 scientiam.
933 2001 1104 2043 Deinde
1125 2002 1410 2052 considerans,
1439 2017 1549 2057 quae

255 2167 298 2222 ι)
329 2167 484 2208 Psalm.
518 2166 693 2217 CXXII,
722 2169 759 2210 7.
791 2167 996 2223 <oxma

252 2237 297 2292 2)
332 2236 465 2278 Alias:
493 2249 609 2286 „erat
638 2244 824 2287 autem“;
860 2240 932 2279 sed
961 2237 1060 2280 BIss.
1090 2239 1223 2280 nostri
1255 2239 1419 2296 (itemq.
1451 2241 1547 2282 edd.

135 2293 220 2349 M.)
250 2294 431 2349 ubique:
462 2295 599 2344 „fiat,“
629 2292 678 2332 R.
711 2318 762 2325 -—
795 2294 880 2336 Cfr.
911 2295 1037 2336 Rom.
1067 2295 1140 2346 Ill,
1169 2297 1208 2337 4.

252 2363 298 2417 3)
329 2362 481 2404 Psalm.
514 2362 665 2412 CXVI,
695 2363 760 2407 11.
791 2364 973 2419 (CXV.)

254 2432 299 2489 4)
329 2432 460 2474 Deest
489 2438 682 2483 „autem“
712 2433 756 2473 in
790 2435 854 2474 ed.
883 2434 1031 2475 Ruaei.

255 2502 299 2558 ⁵)
329 2503 445 2543 Editi
484 2502 542 2557 (v.
577 2520 610 2544 c.
643 2504 736 2543 edd.
768 2503 875 2558 Μ.);
915 2506 1102 2554 „Verum
1143 2507 1197 2548 ad
1238 2505 1466 2548 evidentius
1499 2531 1548 2538 *-

138 2574 327 2608 sensum,
355 2574 411 2598 ne
441 2562 655 2600 videatur“
688 2572 763 2600 etc.
796 2560 845 2601 R.

251 2628 298 2683 6)
327 2628 458 2670 Deest
486 2629 570 2678 „si“
604 2630 649 2670 in
681 2632 744 2671 ed.
773 2630 833 2673 M.
862 2631 914 2671 ΙΙ.

255 2697 302 2753 ⁷)
328 2698 438 2740 Edd.
469 2699 662 2740 Merlini:
693 2701 942 2756 prophetae.

254 2767 302 2821 8)
331 2769 441 2810 Edd.
472 2769 668 2810 Merlini:
701 2782 929 2825 oporteret.

256 2835 302 2892 9)
334 2838 486 2880 Psalm.
515 2838 672 2890 XCIV,
702 2842 767 2884 10.
799 2840 1002 2897 (XCIII.)
