1788 3111
242 105 329 148 250
579 106 801 149 Omssmus
830 118 878 149 m
907 103 987 147 ΕΡ.
1017 116 1077 147 An
1112 103 1337 154 Rommos

240 232 283 263 et
312 236 393 277 pro
424 232 620 276 tempore
645 235 869 260 occurrere
898 218 985 260 visa
1004 229 1114 268 sunt,
1145 216 1427 274 exposuimus.
1484 220 1571 262 Sed
1601 220 1666 262 di-

238 299 440 352 ligentem
470 299 688 348 lectorem,
721 314 847 354 quem
876 296 964 337 iota
1004 312 1139 336 unum
1172 307 1245 336 aut
1272 313 1383 337 unus
1406 295 1446 352 ¹)
1477 314 1579 354 apex
1612 300 1665 341 de

238 378 330 430 lege
369 393 461 417 non
499 375 723 432 praeterit,
766 390 821 415 ne
861 373 971 415 illud
1010 372 1183 429 quidem
1221 373 1352 414 latere
1386 374 1533 425 debet,
1565 376 1663 432 quia

234 461 331 508 hoc,
365 456 482 512 quod
513 454 746 509 Apostolus
779 450 901 492 dixit:
931 462 1149 506 „reputata
1166 450 1212 506 2)
1244 462 1304 491 est
1333 452 1578 493 Abrahamo
1609 454 1661 494 fi-

234 538 308 577 des
341 533 429 590 ejus
459 533 514 573 ad
543 530 743 588 justitiam
758 535 794 569 :“
822 528 898 569 illo
928 540 1134 584 tempore,
1167 545 1263 568 cum
1292 529 1345 569 de
1376 545 1426 570 eo
1457 529 1661 585 scriptum

234 613 375 668 est,3)
407 607 584 667 quod4)
622 606 850 648 crediderit
875 606 987 656 Deo,
1019 617 1060 646 et
1085 617 1326 661 reputatum
1357 606 1409 648 sit
1440 606 1477 647 ei
1509 608 1562 648 ad
1590 605 1658 664 ju-

230 691 399 740 stitiam,
427 688 624 729 nondum
656 685 875 725 Abraham
904 684 1148 735 vocabatur,
1179 684 1253 724 sed
1278 685 1438 724 Abram
1459 695 1548 724 erat
1575 701 1659 725 no-

229 787 331 812 men
362 766 464 825 ejus.
525 765 680 805 Adhuc
713 763 826 803 enim
855 760 1172 802 incircumcisus
1203 763 1415 810 manebat,
1445 773 1494 801 ut
1522 760 1654 802 inter-

227 858 420 905 pretatur
451 838 758 898 Apostolus-⁵)
817 840 886 880 De
918 855 1004 894 quo
1046 838 1259 894 aliquibus
1299 840 1412 879 sorte
1441 838 1655 879 videbitur

227 942 348 969 error
378 923 423 963 in
453 917 762 974 exemplaribus
801 915 972 966 haberi,
1013 917 1130 972 quod
1168 915 1291 956 facile
1321 916 1539 955 Abraham
1569 932 1651 971 pro

225 1004 389 1045 Abram
419 997 545 1041 scribi
572 994 773 1052 potuerit.
833 995 920 1036 Sed
967 993 1064 1049 quia
1094 994 1197 1034 haec
1228 991 1475 1034 existimatio
1505 992 1649 1048 potius

220 1081 382 1122 incerta
420 1087 492 1125 est,
534 1091 661 1130 quam
699 1073 821 1113 firma
862 1070 1141 1127 approbatio,
1184 1088 1265 1112 nos
1304 1069 1649 1126 compendiosius

218 1156 566 1212 respondeamus,
598 1151 715 1206 quod
749 1150 976 1190 observans
1007 1149 1240 1203 Apostolus
1269 1147 1519 1188 sententiam
1549 1147 1647 1198 Dei,

220 1235 293 1291 qui
311 1233 355 1290 6)
388 1231 510 1272 dixit:
552 1227 724 1285 „jam7)
763 1243 854 1267 non
885 1226 1070 1274 Abram,
1101 1226 1176 1265 sed
1206 1225 1424 1265 Abraham
1456 1224 1534 1265 erit
1563 1241 1645 1265 no—

215 1329 316 1353 men
345 1311 517 1350 tuum:“
548 1303 775 1362 appellavit
803 1319 919 1343 nunc
958 1318 1068 1351 eum,
1097 1318 1186 1342 non
1217 1313 1266 1342 ut
1294 1300 1339 1341 in
1364 1301 1462 1342 loco
1498 1301 1641 1341 Gene-

214 1389 267 1432 sis
317 1386 523 1442 scriptum
575 1393 648 1431 est,
699 1381 774 1421 sed
814 1391 862 1420 ut
912 1380 965 1420 de
1011 1396 1062 1421 eo
1108 1378 1458 1435 pronuntiaverat
1507 1378 1644 1425 Deus,

213 1464 398 1521 Quaess)
430 1461 544 1504 enim
576 1457 774 1500 divinitus
804 1456 1071 1507 sanciuntur,
1102 1456 1317 1497 observari
1343 1455 1389 1496 in
1417 1468 1640 1511 posterum

210 1540 419 1585 convenit.
477 1540 607 1588 Haec,
650 1547 782 1592 prout
810 1534 1049 1591 potuimus,
1088 1534 1132 1575 in
1169 1534 1274 1575 locis
1304 1545 1391 1575 tam
1421 1533 1563 1575 arduis
1596 1546 1638 1575 et

207 1634 294 1662 tam
326 1616 571 1660 difficilibus
598 1612 841 1670 prolata,⁹)
872 1612 905 1653 si
937 1613 1029 1668 quis
1067 1614 1180 1654 forte
1211 1611 1340 1652 animi
1382 1611 1517 1652 nostri
1547 1623 1634 1653 stu-

205 1698 325 1739 dium
356 1693 615 1741 consideret,
662 1689 860 1746 amplecti
897 1689 1068 1744 poterit.
1128 1690 1174 1732 Si
1214 1706 1313 1730 vero
1345 1688 1634 1730 infirmitatem

201 1790 347 1818 sensus
376 1769 513 1812 nostri
541 1780 692 1809 notare
722 1767 833 1817 velit,
862 1765 1027 1807 veniam
1056 1766 1253 1822 petimus,
1285 1778 1325 1823 ct
1355 1764 1404 1815 ei,
1437 1765 1510 1821 qui
1538 1783 1629 1807 me-

200 1853 282 1895 lius
313 1852 367 1892 de
396 1848 460 1889 his
488 1847 691 1888 disserere
720 1844 787 1885 vel
818 1844 1041 1899 explanare
1079 1842 1293 1899 potuerit,
1336 1843 1520 1885 libenter
1559 1861 1627 1885 ce-

200 1931 351 1973 dimus.
409 1928 501 1969 Nos
528 1940 629 1965 vero
662 1923 717 1963 ad
738 1938 798 1974 ea,
820 1937 928 1978 quae
952 1933 1203 1978 sequuntur,
1232 1921 1348 1975 segni
1364 1920 1462 1962 licet
1483 1938 1626 1975 gressu

198 2005 483 2051 convertimus
512 2002 680 2058 pedem.

312 2222 356 2278 ¹)
385 2218 667 2263 Desideratur
711 2221 892 2268 „unus“
944 2214 989 2256 in
1038 2216 1133 2258 edd.
1185 2215 1372 2258 Merlini.
1423 2242 1474 2249 —-
1531 2218 1616 2259 Ch:

190 2281 344 2326 Matth.
374 2280 426 2327 V,
459 2277 524 2321 18.

301 2350 349 2405 2)
379 2349 506 2390 Rom.
535 2346 610 2395 IV,
640 2345 679 2388 9.

302 2421 350 2476 3)
383 2420 536 2460 Gencs.
567 2415 664 2464 XV,
694 2415 734 2457 6.
766 2413 863 2455 coll.
893 2412 1031 2463 XVII,
1061 2413 1100 2455 5.

302 2489 348 2547 α)
378 2488 490 2531 Edd.
521 2484 719 2528 Merlini:
754 2483 864 2539 quizl.

299 2560 346 2616 ⁵)
375 2559 504 2600 Rom.
534 2554 608 2605 lV,
638 2554 704 2595 10.
735 2570 851 2609 seqq.

297 2631 344 2687 ὅ)
374 2630 486 2671 Edd.
513 2624 714 2669 Merlini:
749 2640 831 2679 qua
863 2622 975 2664 dixit.

300 2708 345 2763 ⁷)
377 2708 530 2747 Genes.
562 2703 700 2751 XVII,
730 2701 768 2744 5.

296 2784 343 2840 ⁸)
373 2784 482 2826 Edd.
514 2779 710 2823 Merlini:
744 2779 880 2834 Quod
914 2777 1025 2819 enim
1059 2802 1109 2808 —
1141 2777 1338 2818 sancitur.

293 2861 340 2918 9)
372 2860 506 2902 Alias:
538 2859 789 2915 ‚,prol›are.“
818 2859 868 2898 R.
901 2882 952 2889 —-
984 2857 1096 2898 Edd.
1130 2854 1323 2898 'Merlinh
1356 2857 1598 2912 „probataf‘
