1788 3111
203 95 287 138 404
541 93 763 135 Omessms
793 106 840 135 m
870 92 948 135 ΕΡ.
975 104 1034 135 AD
1070 93 1292 140 Rommos

204 207 437 250 seminatur
461 223 616 263 corpus
643 206 841 260 animale,
871 218 918 248 ut
954 218 1142 260 resurgat
1160 207 1201 262 ¹)
1233 224 1388 264 corpus
1410 209 1640 265 spirituale,

207 285 297 327 sine
329 285 462 326 dubio
502 297 551 326 ut
596 302 711 326 mors
757 284 835 340 ipsi
866 284 978 325 ultra
1007 301 1097 325 non
1129 283 1387 336 dominetur,
1421 303 1530 342 quae
1560 288 1639 328 do-

206 363 364 410 minata
397 374 458 404 est
488 363 538 414 ei,
571 363 674 404 dum
707 372 812 403 esset
841 360 884 402 in
917 361 1186 412 infirmitate,
1219 374 1260 403 et
1290 363 1571 415 contumelia,
1602 376 1643 406 et

207 439 498 495 corruptione.
556 441 626 481 De
664 438 738 480 tali
770 437 882 480 enim
914 456 1068 490 carne,
1104 457 1212 496 quae
1242 441 1380 481 adhuc
1410 440 1455 481 in
1487 440 1550 482 his
1583 453 1642 483 est

206 516 452 572 passionum
485 517 605 568 vitiis,
635 517 725 573 ipse
756 517 915 558 Paulus
958 517 1079 558 dicit:
1124 517 1248 573 „quia
1266 517 1312 573 ²)
1344 535 1442 559 caro
1476 530 1516 560 et
1545 535 1641 560 san-

208 593 297 646 guis
328 611 505 647 regnum
536 595 620 636 Dei
650 594 868 650 possidere
900 610 991 635 non
1020 607 1219 650 possunt,
1250 612 1392 652 neque
1422 597 1641 652 corruptio

207 671 576 727 incorruptionem
606 671 881 727 possidebit.“
927 673 1013 714 Sed
1045 686 1085 714 et
1116 675 1233 729 quod
1257 672 1359 714 alibi
1381 671 1496 715 idem
1521 674 1641 729 Apo-

206 750 339 790 stolus
370 749 617 805 ,‚corpus³)
648 748 826 791 mortis“
855 750 1113 801 nominavit,
1156 751 1212 801 is,
1246 750 1319 807 qui
1349 752 1452 791 haec
1483 750 1640 801 asserit,

210 825 336 884 hujus
377 827 543 868 mediae
581 827 731 869 mortis
770 827 1096 881 intelligendum
1137 827 1257 878 dicit,
1297 844 1405 883 quae
1444 826 1640 884 hujusce-

208 904 328 945 modi
360 903 535 961 corpori
567 904 836 957 dominatur,
883 908 1021 947 donec
1052 905 1234 946 animale
1265 917 1326 946 est
1357 917 1396 946 et
1429 905 1640 962 corrupti-

206 981 306 1033 bile,
337 984 523 1023 necdum
539 979 585 1037 ⁴¹)
623 1000 701 1038 per
744 982 1065 1025 resurrectionis
1104 983 1284 1036 gloriam
1315 995 1641 1034 commutatum,

207 1072 333 1115 atque
366 1077 410 1101 ex
444 1060 715 1116 corruptibili
745 1060 1073 1116 incorruptibile
1105 1062 1327 1109 effectum,
1368 1073 1409 1102 et
1440 1079 1488 1103 ex
1517 1062 1639 1115 igno-

207 1136 283 1177 bili
315 1136 562 1190 gloriosum.
614 1138 729 1178 Illud
760 1150 914 1188 autem,
947 1139 1065 1194 quod
1087 1137 1129 1192 ⁷¹)
1158 1137 1257 1178 huic
1278 1137 1499 1179 assertioni
1520 1140 1643 1180 valde

207 1214 469 1256 contrarium
502 1213 636 1269 est,⁶)
667 1214 712 1255 id
734 1226 806 1267 est,
839 1217 957 1272 quod
976 1215 1137 1257 mortui
1165 1232 1310 1256 sumus
1341 1232 1438 1256 eum
1460 1215 1643 1266 Christo,

209 1304 250 1333 et
281 1292 519 1349 consepulti
550 1309 695 1334 sumus
738 1292 795 1335 ei:
838 1319 891 1326 —-—
933 1296 1052 1350 quod
1090 1292 1238 1349 utique
1268 1293 1391 1334 nullo
1422 1295 1557 1335 modo
1590 1295 1643 1335 de

207 1371 427 1412 communi
458 1372 535 1412 hac
575 1382 715 1412 morte
755 1382 898 1427 potest
941 1370 1140 1425 intelligi:
1181 1398 1236 1404 ——-
1273 1373 1356 1412 hoc
1395 1372 1529 1413 modo
1573 1388 1642 1412 ex-

206 1449 383 1504 planare
413 1448 715 1503 conabitur‚⁷)
747 1461 818 1499 ut,
856 1448 964 1491 sicut
1001 1450 1045 1491 in
1085 1449 1403 1506 superioribus,
1451 1466 1548 1490 cum
1591 1450 1643 1489 de

209 1525 448 1567 diversitate
479 1527 620 1580 legum
658 1543 980 1584 exponeremus,
1009 1527 1284 1578 ostendimus,
1310 1527 1569 1583 Apostolum
1600 1525 1644 1566 in

208 1620 298 1644 uno
331 1605 572 1660 eodemque
602 1606 701 1646 loco
734 1605 872 1659 legem
902 1623 1018 1646 nunc
1056 1605 1316 1655 naturalem,
1348 1622 1464 1646 nunc
1494 1603 1643 1653 Blosis,

207 1697 323 1722 nunc
355 1680 479 1722 etiam
510 1682 673 1737 peccati
712 1683 956 1733 nominare,
999 1694 1039 1724 et
1078 1684 1161 1724 hoe
1204 1683 1248 1723 in
1287 1700 1367 1725 usu
1410 1699 1497 1724 esse
1529 1681 1644 1724 Scri-

205 1769 358 1812 pturae
390 1758 555 1799 divinae
586 1760 711 1800 etiam
745 1777 792 1801 ex
824 1760 914 1801 aliis
954 1760 1059 1801 locis
1090 1759 1298 1811 adhibitis
1324 1759 1548 1801 docuimus
1580 1771 1640 1799 te-

208 1835 439 1886 stimoniis,
482 1836 536 1877 ita
581 1849 621 1878 et
664 1836 708 1877 in
747 1837 959 1893 praesenti
989 1853 1104 1877 nunc
1135 1849 1321 1877 mortem
1353 1854 1641 1886 communem,

204 1929 319 1954 nunc
349 1914 523 1968 peccati,
554 1931 669 1956 nunc
702 1914 826 1956 etiam
870 1915 1010 1971 ipsum
1041 1926 1262 1955 auctorem
1291 1914 1464 1965 mortis,
1497 1913 1569 1970 qui
1603 1926 1643 1955 et

205 1990 457 2032 novissimus
501 1993 782 2034 destruendus
832 1992 1046 2048 diciturss)
1093 1991 1309 2043 inimicus,
1361 2008 1476 2032 nunc
1517 1992 1643 2032 etiam

207 2068 353 2109 locum
383 2068 565 2120 inferni,
611 2068 655 2110 in
697 2087 783 2127 quo
817 2069 966 2112 mortis
998 2070 1155 2115 habere
1184 2069 1414 2126 imperium
1445 2069 1642 2111 diabolus

208 2144 375 2195 dicitur,
407 2147 633 2190 confirmet
663 2149 715 2189 ab
747 2148 961 2204 Apostolo
991 2147 1219 2189 nominari.
1279 2148 1336 2189 Et
1354 2147 1401 2203 9)
1430 2147 1498 2189 hic
1530 2163 1643 2200 ergO,

329 2314 372 2370 ¹)
403 2316 516 2357 Edd.
548 2317 745 2359 Merlini:
779 2330 931 2372 surgat.

326 2385 372 2441 ²)
406 2387 421 2426 l
458 2388 556 2429 Cor.
589 2389 685 2438 XV,
715 2389 782 2431 50.
903 2387 949 2443 3)
981 2388 1106 2429 Rom.
1138 2389 1232 2437 Vll,
1263 2389 1330 2430 24.

325 2456 371 2512 ⁴)
401 2458 483 2499 Ed.
517 2457 649 2498 Ruaci
680 2458 793 2499 sola:
827 2469 867 2498 et
897 2460 1095 2500 necdum.

326 2526 370 2581 ⁵)
401 2527 519 2568 Editi
560 2529 618 2585 (v.
660 2545 694 2570 c.
739 2529 834 2571 edd.
876 2529 986 2585 M.):
1026 2532 1172 2585 „quod
1214 2528 1379 2571 addidit
1420 2527 1639 2570 assertioni

208 2582 357 2624 valde“
388 2596 465 2625 etc.
495 2585 544 2625 R.
744 2587 750 2592 ⁸

326 2653 372 2707 6)
403 2654 682 2697 Desideratur
712 2661 825 2706 ‚,cst“
855 2656 899 2697 in
932 2657 995 2698 ed.
1026 2656 1088 2698 M.
1118 2657 1170 2696 II.

326 2724 371 2777 7)
406 2724 536 2766 Alias:
569 2726 888 2777 ,‚c0nabimur.“
918 2727 968 2768 R.
1089 2725 1135 2781 8)
1167 2727 1186 2767 I
1219 2726 1317 2767 Cor.
1351 2725 1447 2774 XV,
1477 2724 1543 2766 26.

325 2793 368 2847 9)
402 2794 536 2838 Editi:
569 2797 652 2847 „Et
691 2799 791 2840 haec
832 2802 971 2852 erg0.“
1011 2798 1061 2840 R.
1104 2821 1153 2830 --
1187 2797 1298 2839 Edd.
1328 2793 1526 2838 Mcrlini:
1559 2793 1636 2843 „Ei

210 2851 290 2890 hoc
323 2857 462 2903 e1·g0.“
