1788 3111
524 127 967 170 COMMENTARIORUM
1004 127 1097 171 Lm.
1128 126 1158 168 I.
1493 128 1546 171 57

132 239 326 295 spiritum
355 241 466 282 favet
496 242 710 289 diabolus,
742 251 781 280 et
811 240 946 291 angeli
977 237 1077 295 ejus,
1109 250 1148 280 et
1178 255 1324 280 onmes
1352 239 1548 295 spiritua-

133 318 192 359 les
213 315 255 371 ¹)
285 317 498 372 nequitiae
515 319 557 360 in
581 318 844 366 coelestibus,
872 316 1108 371 cunctique,
1139 318 1359 357 adversum
1375 315 1420 370 2)
1442 332 1548 371 quos

133 393 379 435 hominibus
419 396 630 435 luctamen
671 406 750 444 est,
797 393 1080 450 principatus,
1135 404 1173 433 ct
1211 404 1458 448 potestates,
1509 403 1549 433 ct

131 471 284 511 mundi
316 470 440 526 hujus
468 482 651 512 rectores
681 471 966 512 tenebrarum.
1016 470 1052 509 E
1087 469 1301 510 contrario
1333 486 1431 510 vero
1463 469 1547 524 spi-

130 547 230 587 ritui
261 550 454 588 adversus
495 564 664 588 carnem
704 546 953 596 decertanti,
993 547 1264 601 animamque
1301 547 1546 595 humanam,

132 640 239 679 quae
269 623 409 665 media
441 635 518 673 cst,
560 625 612 664 ad
643 641 686 664 se
716 640 916 665 revocare
947 622 1140 673 conanti,
1180 623 1380 677 faventss)
1410 623 1547 674 angeli

128 701 235 741 boni
267 718 413 741 omnes
443 699 515 750 illi,
547 702 599 741 de
619 700 770 757 quibus
789 700 1006 741 Dominus
1021 699 1065 756 4)
1099 699 1164 749 ait,
1194 700 1292 755 quia
1323 700 1545 756 „angeli⁵)

129 794 278 818 eorum
308 794 473 832 semper
502 777 645 818 vident
683 777 831 817 faciem
850 777 895 832 6)
926 777 1060 836 Patris
1091 777 1197 827 mei,
1239 779 1310 833 qui
1342 777 1385 818 in
1418 777 1546 819 coelis

129 860 239 895 est:“
272 866 309 895 et
341 857 392 896 de
423 855 574 910 quibus
605 855 833 909 Apostolus
866 855 919 894 ad
952 854 1170 895 Hebraeos
1204 855 1278 896 ait:
1310 871 1482 903 „nonne
1501 854 1544 910 7)

128 947 275 972 omnes
306 943 402 972 sunt
430 930 610 972 ministri
637 929 817 985 spiritus,
850 932 903 971 ad
935 931 1212 972 ministerium
1237 931 1349 972 missi
1370 943 1547 986 propter

129 1024 222 1056 eos,
274 1008 346 1063 qui
391 1007 693 1049 haereditatem
737 1007 909 1063 capiunt
947 1008 1153 1049 salutis?“
1212 1008 1344 1048 Favet
1382 1019 1419 1048 et
1456 1007 1546 1063 ipse

125 1085 364 1134 Dominus,
405 1086 564 1141 quippe
581 1084 626 1141 8)
658 1085 731 1140 qui
762 1084 886 1125 etiam
918 1085 1101 1126 animam
1140 1102 1258 1127 suam
1299 1085 1424 1140 ponit
1460 1102 1541 1140 pro

126 1161 274 1202 ovibus
317 1162 411 1204 suis.
480 1163 566 1204 Sed
607 1178 652 1203 ex
672 1162 715 1218 9)
754 1175 933 1218 utraque
973 1176 1092 1217 parte
1130 1165 1282 1205 favoris
1321 1163 1544 1217 disciplina

124 1251 321 1281 servatur.
379 1238 570 1293 N0n10)
611 1240 723 1280 enim
764 1239 801 1280 vi
838 1257 901 1281 res
943 1240 1094 1291 agitur,
1133 1257 1272 1297 neque
1303 1240 1544 1282 necessitate

125 1317 170 1358 in
200 1319 372 1358 alteram
403 1327 568 1372 partem
599 1317 740 1357 anima
781 1316 1040 1358 declinatur:
1081 1318 1270 1372 alioquin
1308 1334 1386 1357 nec
1419 1319 1541 1371 culpa

127 1393 273 1447 ei‚¹¹)
316 1410 395 1435 nec
436 1393 563 1434 virtus
604 1393 832 1448 possct¹2)
876 1393 1079 1442 adscribi,
1124 1411 1202 1434 nce
1246 1394 1349 1434 boni
1393 1394 1539 1434 electio

121 1470 372 1526 praemium,
402 1487 481 1510 nec
513 1470 739 1510 declinatio
773 1470 874 1510 mali
904 1470 1159 1525 supplicium
1185 1483 1437 1511 mereretur:
1468 1473 1540 1511 sed

123 1560 310 1588 servatur
341 1548 378 1588 ei
407 1547 451 1587 in
483 1546 683 1588 omnibus
719 1546 889 1588 libertas
919 1547 1071 1602 sui13)
1104 1547 1284 1596 arbitrii,
1321 1559 1367 1588 ut
1387 1547 1456 1603 14)
1496 1547 1540 1588 iu

241 1686 283 1738 1)
313 1685 468 1741 Ephcs.
500 1686 570 1735 VI,
603 1688 667 1730 12.
787 1687 832 1742 2)
863 1687 970 1728 Edd.
1001 1686 1195 1728 Merlini:
1229 1688 1435 1728 adversus.

238 1756 286 1809 3)
317 1756 395 1796 Ed.
434 1756 569 1798 Ruaei
611 1757 652 1797 in
692 1769 825 1797 textu:
876 1759 1042 1807 „favent
1083 1770 1121 1797 et
1165 1754 1366 1807 adjuvant
1405 1759 1539 1808 angeli

122 1812 229 1853 boni
261 1829 408 1854 omnes
436 1812 522 1853 illst*
555 1825 650 1861 etc.,
679 1814 723 1854 in
753 1814 885 1854 notis:
918 1817 1000 1862 „ita
1032 1831 1178 1854 omnes
1209 1814 1321 1862 'Mss.,
1353 1830 1538 1867 quorum

121 1885 230 1909 unus
260 1869 373 1909 solus
405 1870 541 1909 addit:
575 1880 618 1909 eL·
641 1869 883 1924 adjuvant.
929 1871 1042 1911 Editi
1063 1887 1161 1911 vero
1195 1871 1253 1924 (e.
1274 1887 1306 1909 c.
1328 1869 1539 1927 edd.]NI.>,

121 1935 160 1965 et
188 1924 407 1965 Rabanus:
434 1922 611 1979 favent
643 1925 802 1982 angeli
835 1926 1067 1967 hominum
1100 1941 1255 1968 Omnes
1288 1925 1392 1967 illi“
1425 1938 1500 1970 etc.

235 1993 280 2048 4)
310 1994 420 2036 Edd.
450 1994 646 2037 Merlini:
682 1997 738 2037 ait
768 1997 994 2038 Dominus.

238 2064 282 2120 5)
313 2065 463 2105 Matth.
494 2066 651 2115 XVIII,
682 2069 746 2108 10.

237 2133 284 2185 ὅ)
316 2133 476 2175 Omnes
507 2136 603 2176 Mss.
645 2147 683 2175 et
724 2137 945 2176 Rabanns:
984 2136 1163 2185 „faciem
1205 2137 1338 2178 Patris
1383 2138 1537 2179 vestri“

121 2202 195 2230 etc.
257 2190 342 2230 Sed
371 2201 512 2231 tamen
542 2193 770 2241 legendum
805 2192 967 2232 videtur
999 2209 1096 2232 cum
1135 2193 1254 2234 editis
1285 2194 1341 2246 (e.
1375 2212 1406 2235 c.
1439 2211 1537 2236 cum

121 2248 216 2287 edd.
246 2245 352 2300 M.):
384 2247 560 2294 „faciem
594 2247 727 2288 Patris
759 2247 866 2289 mei“
900 2259 974 2288 etc.
1014 2249 1062 2287 R.

235 2315 280 2370 ⁷)
310 2315 442 2356 Hebr.
473 2315 504 2365 I,
534 2315 597 2358 14.

235 2386 280 2440 8)
316 2386 514 2427 Rabanus
535 2398 572 2426 et
592 2387 690 2428 editi
710 2387 767 2443 (e.
787 2405 818 2427 c.
840 2390 934 2429 edd.
954 2389 1038 2444 Μ.)
1061 2389 1281 2430 omittunt:
1312 2391 1536 2447 „quippe.“

124 2441 171 2481 R.
201 2459 257 2478 c·-
289 2441 374 2483 Csr.
406 2458 465 2482 ev.
496 2443 650 2485 Joann.
682 2445 737 2493 X,
768 2448 831 2487 15.

239 2510 283 2566 9)
313 2511 392 2551 Ed.
423 2511 482 2551 M.
515 2513 554 2553 I:
595 2514 708 2562 „Sed
744 2526 922 2569 utraque
955 2521 1108 2570 parte“
1149 2528 1247 2565 etc.‚
1288 2517 1352 2556 cd.
1383 2516 1443 2557 M.
1474 2518 1534 2558 ll:

120 2566 229 2615 „Sed
263 2569 306 2607 in
338 2580 516 2623 utraque
544 2575 687 2624 parte“
719 2582 793 2610 etc.

210 2637 280 2692 ¹⁰)
310 2637 530 2689 MsoReg.
546 2657 662 2680 num.
682 2641 803 2683 1639.
833 2641 956 2703 υΝοη
982 2641 1092 2682 enim
1125 2642 1229 2683 vires
1259 2645 1456 2697 patitur.“
1483 2643 1532 2684 R.

211 2706 284 2761 ¹¹)
312 2707 422 2750 Edd.
454 2707 647 2751 Merlini:
681 2709 778 2765 ejus.
900 2710 971 2766 12)
1001 2711 1081 2752 Ed.
1110 2711 1173 2752 M.
1205 2713 1240 2752 l:
1273 2714 1413 2767 possit.

213 2776 284 2830 13)
313 2777 444 2818 Deest
471 2778 585 2827 „saw
613 2779 658 2819 in
689 2781 782 2820 edd.
816 2780 1000 2821 merlini.
1391 2766 1394 2769 ’

212 2845 283 2900 14)
311 2845 391 2888 Ed.
425 2847 580 2889 Ruaei:
611 2860 656 2889 ut
685 2849 727 2889 in
761 2851 879 2904 quod
911 2850 1099 2892 voluerit.
