1788 3111
505 156 948 200 COMMENTAmonUM
989 156 1081 197 Lm.
1110 156 1142 197 Ι.
1475 160 1531 203 19

116 271 210 330 pius
243 283 321 322 est,
366 271 437 327 qui
466 271 510 313 in
541 271 626 312 hoc
654 286 743 311 non
775 271 909 312 credit
936 270 1060 321 Deo,
1103 281 1173 321 ut,
1214 271 1334 326 quod
1369 287 1450 313 nos
1485 272 1532 313 in

115 349 348 405 praeteritis
378 348 587 396 videmus,
629 346 713 388 hoc
742 346 814 388 ille
843 347 982 389 videat
1008 348 1054 389 in
1082 347 1247 389 futuris.
1303 348 1534 402 „Segrega-

115 424 255 481 tus,¹)
295 425 452 481 inquit,
492 425 535 466 in
566 424 843 476 Evangelium
881 425 1004 466 Dei.“
1069 425 1121 465 In
1155 424 1243 465 aliis
1281 425 1386 466 locis
1418 425 1535 466 Scri·—

116 514 268 558 pturae
297 502 571 553 Evangeh‘um
614 501 769 542 Christi
802 518 886 543 esse
927 502 1094 549 dicunt,
1137 501 1245 542 sicut
1283 513 1323 542 et
1361 502 1533 544 RIarcus

117 579 380 632 Evangelista
398 578 565 620 scribit:
593 578 789 628 „initium
807 579 852 632 2)
882 578 1098 630 Evangelii
1116 578 1218 619 Jesu
1238 578 1405 628 Christi,
1426 579 1535 621 sicut

117 656 322 713 scriptum
355 668 412 697 est
440 655 485 697 in
515 655 637 696 Esaia
668 656 919 711 propheta.“
979 655 1137 696 Verum
1172 655 1376 711 quoniam
1408 654 1535 697 Chri-

117 745 202 775 stus
233 734 427 775 Verbum
470 744 548 782 εει,
588 744 628 773 et
659 732 790 787 „in3)
819 732 1035 788 principio
1052 731 1098 787 ⁴¹)
1130 743 1218 773 erat
1244 732 1457 783 Verbum,
1494 744 1536 774 et

117 811 311 851 Verbum
336 821 424 851 erat
444 811 559 865 apud
579 809 736 859 Deum,
769 822 809 851 et
826 809 943 851 Deus
967 821 1056 850 erat
1074 809 1306 859 Verbum,“
1335 825 1470 849 unum
1486 808 1534 865 ⁵)

118 898 244 942 atque
271 886 387 927 idem
421 898 478 927 est
508 886 591 927 dici
610 886 888 939 Evangelium
905 886 989 928 Dei
1009 898 1048 928 et
1069 886 1346 938 Evangelium
1367 884 1537 938 Christi,

117 964 184 1005 vel
214 963 312 1019 quia
340 963 430 1020 ipse
460 964 677 1005 Dominus
715 964 837 1005 dicit:
870 980 974 1016 „ego
993 963 1037 1019 6)
1071 975 1110 1006 et
1145 976 1265 1020 pater
1294 979 1431 1004 unum
1463 980 1535 1005 su-

117 1045 268 1082 mus:“
310 1051 350 1082 et
383 1040 537 1082 iterum
580 1041 681 1082 dicit
720 1043 774 1082 ad
814 1040 1007 1082 Patrem:
1051 1040 1225 1091 „omnia
1240 1039 1284 1096 ⁷)
1332 1057 1428 1082 mea
1462 1051 1535 1082 tua

117 1129 232 1168 sunt,
275 1129 314 1159 et
342 1129 413 1159 tua
442 1133 562 1168 mea,
605 1129 645 1159 et
681 1117 937 1170 glorificatus
975 1135 1069 1161 sum
1104 1118 1149 1160 in
1188 1117 1291 1160 his.“
1347 1117 1462 1170 Ergo
1496 1129 1538 1160 et

116 1194 391 1247 Evangelium
421 1193 557 1236 Patris
596 1194 872 1247 Evangelium
912 1195 1012 1237 Filii
1053 1207 1121 1238 est.
1191 1195 1279 1237 Sed
1309 1206 1349 1236 et
1376 1194 1534 1238 Paulus

119 1270 238 1313 dicit:
269 1271 573 1324 „Evangelium
589 1271 635 1325 8)
675 1289 842 1322 meum,
884 1274 1002 1328 quod
1042 1272 1246 1330 praedico
1286 1272 1398 1314 inter
1435 1288 1536 1325 gen-

116 1354 233 1391 tes:“
264 1351 382 1405 quod
412 1351 593 1391 fortassis
623 1361 670 1390 ut
698 1349 844 1392 haeres
873 1349 1034 1392 Christi
1066 1349 1180 1400 dicit,
1213 1361 1251 1390 et
1264 1361 1468 1405 tanquam
1489 1349 1535 1390 in

119 1424 352 1476 Evangelio
385 1427 598 1475 cohaeres,
629 1426 727 1481 quia
760 1437 799 1466 et
830 1427 932 1467 alibi
961 1425 1087 1467 etiam
1116 1425 1402 1481 plurimorum
1434 1425 1538 1467 dicit

122 1517 207 1543 esse
229 1501 517 1553 Emugefium,
541 1502 648 1544 sicut
670 1503 723 1543 ad
742 1501 930 1544 Galatas:
961 1504 1060 1553 „sed
1077 1501 1121 1558 9)
1153 1514 1193 1544 et
1214 1502 1247 1545 si
1264 1504 1445 1544 velatum
1463 1502 1536 1559 ¹⁰)

122 1590 180 1621 est
209 1578 485 1630 Evangelium
517 1584 770 1620 nostrum:“
811 1592 1019 1630 nostrum,
1047 1580 1093 1621 id
1124 1591 1194 1630 es't,
1226 1579 1433 1630 omnium,
1463 1580 1537 1635 qui

121 1655 375 1696 cohaeredes
393 1673 537 1697 sumus
557 1655 725 1696 Christi.
770 1655 933 1697 Verum
962 1668 1001 1697 et
1025 1658 1259 1698 secundum
1290 1657 1388 1706 hoc,
1417 1645 1539 1712 quod<

118 1730 210 1788 ipse
245 1730 520 1788 praedicator
559 1731 646 1789 ejus
687 1743 764 1783 est,
802 1744 915 1774 recte
955 1751 1078 1776 suum
1117 1733 1218 1776 dicit
1255 1749 1340 1776 esse
1378 1732 1536 1777 Paulus

118 1807 410 1860 Evangelium.

239 1980 283 2035 ¹)
313 1980 439 2022 Rom.
469 1982 501 2030 I,
535 1983 573 2024 1.
605 2006 656 2013 —
687 1981 798 2024 Edd.
829 1982 1025 2026 Merlini:
1057 1984 1304 2036 Segregatus
1334 1984 1380 2026 in
1409 1999 1536 2026 evan-

121 2037 278 2089 gelium
308 2037 404 2087 Dei,
433 2037 583 2093 inquit.

235 2106 282 2162 ²)
312 2106 447 2148 {Maro
479 2107 512 2161 Ι,
548 2108 585 2149 1.
613 2110 652 2151 2.
767 2109 813 2165 3)
844 2108 919 2150 Ev.
949 2109 1107 2150 Joann.
1137 2109 1170 2159 I,
1199 2110 1237 2151 1.

238 2175 283 2231 4)
314 2177 377 2218 Ita
413 2176 519 2218 Msc.
550 2177 652 2229 Reg.
689 2196 806 2220 num.
846 2178 968 2222 1641.
1029 2178 1193 2220 Caeteri
1233 2196 1333 2221 vero
1364 2180 1463 2223 NIss.
1497 2194 1537 2224 et

122 2231 222 2274 editi
257 2232 314 2287 (e.
347 2249 382 2273 c.
413 2233 507 2273 edd.
539 2233 646 2290 M.):
686 2247 753 2283 „et
788 2235 833 2276 in
862 2234 1077 2291 principio
1119 2247 1206 2276 erat
1234 2238 1349 2292 apud
1377 2237 1536 2289 Deum,

121 2300 162 2330 et
191 2288 308 2330 Deus
340 2300 429 2329 erat
455 2289 685 2331 Verbum.“
715 2290 766 2331 R.

235 2358 282 2414 ⁵)
313 2358 428 2400 Editi
458 2358 515 2414 (e,
547 2375 580 2400 c.
612 2360 705 2402 edd.
734 2360 843 2418 M.):
870 2378 1006 2402 unum
1028 2372 1154 2417 atque
1185 2361 1301 2403 idem
1327 2363 1438 2404 dicit.
1483 2363 1535 2407 R.

237 2432 284 2490 6)
313 2434 388 2477 Ev.
424 2435 581 2478 Joann.
610 2437 665 2487 X,
694 2439 763 2481 30.
805 2463 858 2470 -
901 2438 982 2480 Ed.
1024 2437 1179 2480 Ruaei:
1218 2440 1339 2495 quod
1377 2455 1454 2492 ego
1493 2450 1535 2481 et

120 2489 247 2532 Pater
276 2502 353 2532 etc.

239 2559 285 2615 ⁷)
315 2560 390 2604 Ev.
418 2561 744 2615 Joann..XVII‚
773 2567 838 2608 10.

240 2630 288 2679 ⁸)
324 2629 462 2673 Galat.
491 2632 546 2684 Π,
575 2635 614 2676 2.
646 2637 743 2676 coll.
775 2635 815 2675 Π
847 2633 958 2675 Tim.
988 2634 1042 2684 II,
1070 2635 1109 2679 8.

239 2699 287 2755 ⁹)
315 2700 357 2741 II
388 2700 489 2745 Cor.
519 2705 591 2755 IV,
619 2707 658 2749 3.

214 2769 286 2825 ¹⁰)
314 2770 412 2815 Mss.
444 2773 639 2828 quidam:
670 2775 923 2824 „revelatum
955 2777 1051 2815 est.“
1099 2772 1302 2829 Denique
1330 2773 1536 2829 plerique,

127 2836 166 2866 et
196 2826 295 2867 editi
315 2828 374 2882 (e.
406 2845 438 2869 e.
469 2831 563 2871 edd.
587 2829 672 2885 Μ.)
705 2831 904 2872 omittunt
930 2830 1120 2872 secundo
1145 2831 1245 2872 loeo
1276 2834 1535 2881 „nostrum‚“

126 2882 199 2923 sed
229 2883 458 2926 restituitur
488 2902 535 2927 ex
557 2886 662 2930 Msc.
693 2887 793 2942 Reg.
824 2903 939 2929 num.
969 2885 1092 2932 1641.
1125 2885 1175 2927 R·

1215 2957 1285 2999 2*
