1788 3111
175 126 259 171 118
516 125 741 170 ΟΜΕΕΝιε
770 139 818 171 m
847 128 924 171 ΕΡ.
954 139 1014 170 An
1047 128 1273 174 ROMANos

171 252 281 291 sunt,
313 239 528 282 custodire
556 240 609 283 sit
635 242 784 295 legem.
832 243 984 300 Neque
1014 242 1129 285 enim
1158 243 1203 285 in
1224 260 1275 287 eo
1306 245 1514 302 perfectio
1538 258 1610 298 est,

172 318 206 360 si
238 328 422 359 cessetur
449 335 472 360 a
504 317 648 370 malis,
687 320 762 362 sed
790 319 836 361 in
868 336 943 372 eo,
979 321 1014 363 si
1044 334 1223 374 agantur
1250 323 1393 374 bona,
1426 323 1535 366 sicut
1562 325 1606 367 in

173 395 347 437 Psalmo
381 394 612 438 evidentius
641 398 952 452 perdocemur,
994 416 1092 441 cum
1131 400 1252 442 dicit:
1295 401 1552 459 „declina¹)
1584 419 1608 444 a

172 474 348 515 malo:“
390 484 431 514 et
469 490 562 515 non
602 473 672 515 hic
702 475 835 531 stetit,
875 476 950 517 sed
980 476 1167 518 addidit:
1210 488 1278 528 „et
1306 479 1375 520 fac
1403 479 1609 521 bonum.“

173 551 380 593 Similiter
417 566 518 602 ergo
558 563 597 593 et
627 552 885 608 Apostolus,
924 563 1079 609 utpote
1118 553 1163 595 in
1200 554 1264 596 his
1301 555 1513 606 imbutus,
1552 556 1609 598 ita

174 630 348 671 demum
398 628 524 677 dicit,
576 630 782 684 prodesse
827 628 1199 673 circumcisionem
1239 644 1279 674 et
1322 631 1608 688 abjectionem

171 707 403 756 malorum,
436 705 470 747 si
501 705 712 747 custodias
743 707 877 759 legem
910 708 1145 749 bonorum.
1203 709 1354 766 Neque
1376 710 1488 751 enim
1511 727 1611 766 per—

169 785 303 825 fectus
335 782 428 839 quis
461 799 545 825 esse
576 793 728 839 potest,
757 783 791 824 si
821 783 930 824 nihil
964 784 1093 835 egerit
1121 786 1246 837 mali,
1275 788 1350 828 sed
1380 787 1416 829 si
1446 787 1610 842 aliquid

171 859 299 914 egerit
336 859 455 901 boni.
527 859 657 901 Unde
698 872 737 902 et
772 860 865 917 ipsa
906 860 1202 913 circumcisio,
1247 879 1357 920 quae
1394 864 1524 905 fiebat
1561 864 1608 905 in

171 953 320 988 carne,
350 955 442 979 non
475 938 635 992 absque
664 936 790 994 hujus
820 937 1141 992 intelligentiae,
1171 957 1300 996 quam
1329 957 1446 982 nunc
1477 957 1608 997 expo-

168 1015 325 1065 nimus,
357 1015 673 1066 significabatur
693 1014 887 1066 imagine.
941 1016 1143 1072 Denique
1164 1029 1314 1059 octavo
1348 1018 1417 1060 die
1433 1017 1477 1073 2)
1507 1034 1608 1074 par·

170 1092 276 1133 vulis
310 1093 515 1141 dabatur,
557 1091 630 1147 qui
669 1091 778 1132 nihil
815 1091 964 1148 utique
1001 1095 1143 1135 adhuc
1184 1094 1324 1151 operis
1364 1095 1607 1150 egera11t.3)

170 1168 306 1224 Quod
336 1168 370 1212 si
401 1169 493 1224 quis
523 1169 650 1211 nobis
689 1170 883 1224 proferat
900 1167 946 1224 4)
984 1170 1114 1221 illud,
1155 1173 1276 1227 quod
1313 1172 1358 1213 in
1388 1172 1605 1228 principio

168 1246 270 1288 libri
300 1247 389 1288 Job
422 1247 476 1288 de
505 1248 635 1289 laude
668 1244 757 1303 ejus
787 1245 974 1303 positum
1007 1260 1076 1298 est,
1106 1248 1182 1290 ubi
1214 1249 1448 1304 dicitur:⁵)
1479 1262 1546 1300 „et
1562 1250 1608 1305 6)

169 1335 260 1365 erat
288 1324 378 1365 Job
419 1324 555 1365 homo
596 1340 746 1374 verax,
786 1324 877 1365 sine
916 1326 1110 1380 querela,
1147 1324 1302 1383 justus,
1337 1327 1422 1369 Dei
1454 1329 1609 1378 cultor,

166 1400 382 1443 abstinens
420 1418 464 1443 se
502 1401 555 1443 ab
602 1401 722 1443 omni
762 1417 809 1442 re
844 1403 1017 1444 mala:“
1063 1420 1140 1445 cur
1177 1406 1464 1460 praecedente
1500 1406 1608 1447 boni

169 1479 311 1535 operis
341 1480 483 1530 laude,
513 1479 558 1520 in
589 1479 743 1522 ultimo
774 1480 878 1522 mali
909 1479 1170 1522 continentia
1197 1494 1469 1523 numeretur:
1497 1482 1606 1523 illud

167 1555 402 1612 quidem⁷)
440 1557 628 1599 arbitror
655 1557 862 1608 indicari,
904 1559 1025 1613 quod
1057 1574 1184 1613 saepe
1213 1559 1307 1601 fieri
1335 1561 1465 1609 solet,
1506 1562 1605 1617 quia

165 1633 342 1688 plurimi
372 1634 601 1675 hominum
635 1633 819 1690 agantss)
851 1635 1050 1690 quidem,
1079 1652 1188 1691 quae
1217 1637 1336 1676 bona
1364 1648 1484 1686 sunt,
1524 1636 1604 1677 mi-

164 1721 333 1751 sceatur
348 1708 394 1766 ⁹)
434 1722 578 1752 tamen
616 1711 779 1766 aliquid
822 1722 862 1752 et
900 1711 1040 1766 operis
1079 1712 1204 1761 mali,
1245 1711 1464 1768 pauci¹⁰)
1503 1730 1602 1754 vero

164 1786 249 1827 sint
277 1786 385 1828 sicut
414 1787 526 1836 Job,
565 1787 641 1843 qui
670 1788 728 1829 ita
767 1799 807 1829 et
835 1804 1002 1830 veraces
1035 1799 1075 1829 et
1105 1787 1518 1843 irreprehensibiles,
1547 1792 1604 1832 ita

284 1960 329 2018 ι)
360 1960 515 2003 Psalm.
546 1961 774 2012 XXXVII,
803 1963 869 2005 27.
903 1961 1155 2018 (XXXVI.)

281 2030 329 2086 ²)
362 2029 516 2073 Genes.
547 2032 663 2083 XVI,
696 2033 761 2078 12.
795 2033 891 2074 coll.
923 2032 1092 2074 Levitic.
1124 2033 1221 2083 XII,
1254 2034 1294 2077 3.

280 2100 328 2155 3)
358 2101 469 2143 Edd.
500 2102 698 2145 Merlini:
733 2103 905 2156 egerint.

280 2170 327 2228 4)
358 2171 472 2214 Edd.
503 2173 564 2216 M.
595 2191 676 2230 pro
709 2177 926 2231 „proferat
955 2173 1089 2215 illud“
1120 2174 1340 2217 exhibent:
1373 2175 1601 2234 „objiciat“

167 2228 322 2271 omisso
353 2229 527 2278 „illud.“

282 2297 327 2353 5)
358 2298 469 2341 Edd.
500 2298 697 2342 MerlinI:
730 2301 844 2344 dicit.
965 2302 1012 2357 6)
1042 2302 1143 2344 Job,
1178 2302 1207 2352 l,
1240 2306 1279 2347 1.

280 2367 327 2424 7)
359 2367 471 2410 Edd.
503 2369 701 2411 Merlini:
735 2387 920 2427 quoque.

278 2438 326 2492 8)
354 2438 436 2479 Ed.
467 2438 527 2479 M.
562 2439 608 2489 I.,
638 2440 780 2497 itemq.
812 2444 876 2483 cd.
908 2442 982 2483 R.:
1015 2454 1156 2494 agunt.

275 2505 321 2563 ⁹)
352 2507 435 2549 Ed.
468 2508 602 2550 Ruaei
632 2511 746 2551 sola:
780 2512 968 2553 miscent.

255 2578 325 2624 ¹⁰3
355 2578 467 2620 Edd.
499 2578 693 2620 Merlini:
733 2581 884 2635 „pauci
914 2599 1014 2622 vero
1046 2582 1153 2624 sicut
1183 2582 1295 2632 Job,
1333 2583 1405 2638 qui
1435 2583 1490 2626 ita
1523 2610 1596 2635 —,

162 2633 218 2675 ita
250 2632 346 2690 justi
373 2635 480 2676 sint“
522 2648 598 2677 cte.
658 2635 736 2677 Ed.
774 2636 820 2676 R.
853 2638 896 2678 in
927 2649 1039 2678 textu
1073 2639 1267 2693 quidem:
1310 2641 1462 2695 „pauci
1495 2659 1594 2684 vcro

159 2690 269 2732 sicut
297 2691 409 2740 Job,
441 2691 514 2746 qui
544 2692 602 2733 ita
633 2717 710 2743 —-,
750 2693 805 2734 ita
835 2691 933 2750 justi
962 2701 1095 2736 sunt“
1128 2696 1224 2745 ctc.,
1263 2698 1412 2737 cadem
1454 2709 1594 2739 tamen

160 2764 202 2843 ἓ
224 2747 318 2789 401.
345 2748 389 2788 in
420 2748 638 2791 Addcndis
669 2762 708 2790 et
730 2749 1025 2801 Cori-igcndis:
1057 2753 1173 2805 „lcgc
1194 2753 1337 2806 potius
1356 2752 1469 2810 juxta
1492 2755 1594 2796 Msc.

203 2819 261 2855 cg.
277 2820 395 2846 num.
417 2805 537 2849 1639.
569 2808 713 2860 pauci
732 2821 839 2849 vero
861 2808 955 2849 sint
971 2809 1088 2850 sicut
1111 2819 1155 2850 ec
1179 2807 1287 2867 Job,
1322 2811 1401 2860 qui
1422 2812 1490 2852 ica
1513 2836 1562 2842 —·
1577 2841 1591 2861 ,

165 2861 234 2901 ita
260 2861 380 2915 justi
411 2862 532 2903 sint“
562 2873 638 2904 etc.
