1788 3111
511 156 953 200 COMMENTAMORUM
994 156 1086 197 Lm.
1114 157 1146 198 Ι.
1478 158 1537 202 53

230 269 296 312 17.
341 269 594 320 „Invisibilia
618 269 659 325 ¹)
681 269 794 310 enim
815 269 942 326 ipsius
959 269 1004 325 ²)
1029 286 1053 311 a
1074 281 1264 311 creatura
1283 270 1434 312 mundi
1455 286 1534 327 per

119 362 180 396 ea,
211 362 319 402 quae
349 348 458 387 faeta
489 357 608 396 sunt,
641 346 853 388 intellecta
884 346 1217 402 conspiciuntur,
1247 357 1286 387 et
1302 346 1346 401 ³)
1375 347 1532 403 sempi-

118 435 237 465 terna
268 423 354 480 ejus
385 423 512 465 virtus
543 440 591 464 ac
622 422 836 472 divinitas,
874 422 989 472 ita4)
1021 435 1068 464 ut
1096 422 1178 464 sint
1203 423 1530 465 inexcusabiles:

118 500 217 556 quia
249 518 346 541 cum
379 499 667 552 cognovissent
697 499 860 549 Deum,
901 518 992 541 non
1022 500 1130 541 sicut
1164 499 1308 540 Deum
1337 498 1530 550 magnifi-

116 577 389 632 caverunt,⁵)
421 587 491 618 aut
520 575 667 627 gratias
698 589 881 626 egerunt,
909 579 983 618 sed
1013 587 1273 617 evanuerunt
1300 575 1345 616 in
1374 576 1530 627 cogita-

114 656 303 696 tionibus
332 654 426 703 suis,
459 665 496 694 et
520 654 870 693 contenebratum
890 652 934 704 6)
967 665 1024 693 est
1044 652 1243 708 insipiens
1270 669 1344 693 cor
1366 668 1527 692 eorum.

112 732 312 773 Dicentes
344 732 455 772 enim
485 747 529 771 se
563 746 648 771 esse
676 729 903 785 sapientes,
939 730 1051 770 stulti
1089 731 1189 771 facti
1226 741 1340 778 sunt,
1379 740 1418 769 et
1447 728 1528 768 im-

110 819 377 850 mutaverunt
394 807 438 862 7)
472 807 648 858 gloriam
678 806 1014 861 incorruptibilis
1039 806 1124 847 Dei
1144 807 1188 847 in
1209 805 1527 847 similitudinem

111 884 304 936 imaginis
327 883 613 939 corruptibilis
631 884 675 936 Β)
708 882 906 933 hominis,
938 894 976 923 et
1004 884 1242 931 voluerum,
1271 893 1310 922 et
1340 883 1528 936 quadru-

109 962 291 1016 pedum,
337 973 376 1001 et
404 961 702 1016 serpentium.“
761 960 903 1001 Paene
919 960 963 1015 ⁹)
993 960 1078 1017 jam
1111 962 1164 1001 de
1193 960 1256 1001 his
1283 959 1454 1010 singulis
1480 958 1526 999 in

109 1037 400 1093 superioribus
438 1037 659 1079 dissertum
692 1050 761 1077 est.
820 1036 1015 1078 Diximus
1047 1037 1154 1078 enim
1187 1037 1305 1085 haec,
1337 1035 1526 1091 quamvis

109 1116 164 1155 ad
196 1131 342 1155 omnes
373 1114 590 1163 homines,
630 1115 781 1169 quibus
811 1114 917 1155 inest
946 1115 1051 1154 ratio
1083 1114 1306 1163 naturalis,
1342 1111 1526 1153 maxime

107 1204 249 1233 tamen
286 1204 478 1247 spectare
521 1193 572 1231 ad
613 1190 819 1246 sapientes
861 1189 986 1245 hujus
1023 1189 1194 1239 mundi,
1240 1201 1279 1230 et
1318 1205 1409 1238 eos,
1453 1187 1527 1243 qui

106 1269 360 1325 philosophi
388 1268 678 1316 nominantur,
710 1267 861 1322 quibus
883 1267 1112 1322 praecique
1133 1279 1342 1307 creaturas
1358 1263 1524 1313 mundi,

108 1358 147 1386 et
179 1346 347 1394 omnia,
387 1360 495 1400 quae
524 1345 567 1384 in
600 1361 649 1385 eo
682 1346 789 1384 facta
817 1356 937 1393 sunt,
969 1344 1175 1384 discutere
1208 1343 1428 1398 disciplina
1455 1352 1525 1389 est,

109 1434 148 1462 et
176 1439 254 1478 per
277 1423 394 1469 haec,
426 1436 534 1475 quae
555 1419 761 1468 videntur,
794 1436 853 1468 ea,
884 1437 992 1475 quae
1010 1438 1101 1461 non
1122 1422 1328 1467 videntur,
1359 1418 1524 1459 ratione

110 1499 318 1549 colligere.
364 1498 596 1538 Sciendum
626 1508 769 1536 tamen
800 1508 869 1545 est,
902 1500 1020 1552 quod
1050 1497 1116 1537 hic
1147 1495 1383 1543 invisibilia,
1414 1509 1522 1550 quae

107 1575 325 1623 nominat,
367 1575 419 1614 de
460 1573 658 1614 creaturis
700 1573 818 1613 dicit:
860 1575 912 1614 de
953 1574 1105 1629 quibus
1146 1585 1185 1614 et
1221 1573 1265 1613 in
1297 1572 1378 1613 alio
1419 1572 1520 1611 loco

105 1651 221 1692 idem
252 1652 481 1706 Apostolus
514 1649 628 1689 dicit:
651 1649 719 1703 ¹⁰)
750 1649 875 1704 „quia
909 1651 1051 1691 omnia
1081 1666 1159 1705 per
1186 1650 1347 1704 ipsum,
1375 1647 1420 1688 id
1451 1658 1535 1695 ests

106 1745 185 1784 per
203 1728 348 1769 Jesum
376 1726 603 1775 Christum,
620 1727 729 1785 sacta
751 1737 860 1775 sunt,
880 1725 963 1766 sive
986 1726 1154 1781 quaein
1176 1727 1298 1767 coelo
1323 1736 1431 1774 sunt,
1448 1723 1461 1746 ¹
1477 1722 1521 1778 ¹)

104 1806 187 1846 sive
219 1821 327 1860 quae
356 1804 399 1844 in
430 1816 563 1852 terra,
593 1803 769 1844 visibilia
801 1814 840 1843 et
867 1802 1128 1845 invisibilia.“
1184 1804 1241 1844 Et
1269 1803 1368 1844 ideo
1397 1817 1522 1857 prae-

103 1893 167 1923 ter
197 1898 257 1931 ea,
289 1897 398 1937 quae
418 1879 642 1921 invisibilia
668 1881 781 1931 dixit,
812 1881 949 1921 addit:
979 1880 1133 1935 ,‚et¹²)
1154 1880 1412 1936 sempiterna
1431 1877 1520 1934 ejus

223 2007 266 2063 ¹)
295 2009 421 2049 Rom.
453 2007 485 2054 Ι,
513 2007 709 2049 20—23.
828 2005 875 2060 ²)
905 2005 983 2047 Ed.
1012 2005 1169 2047 Ruaei:
1201 2005 1324 2062 ejus.v

222 2077 268 2131 3)
298 2078 408 2119 Edd.
441 2076 631 2117 Merlini:
664 2089 704 2117 et
732 2077 986 2132 sempiterna
1017 2092 1190 2131 quoque
1220 2074 1307 2133 ejus
1329 2074 1454 2116 virtus
1481 2084 1522 2115 et

107 2132 298 2175 divinitas
331 2145 406 2173 etc.

224 2202 270 2257 4)
301 2202 429 2243 Deest
459 2203 564 2252 „ita“
594 2201 638 2242 in
670 2204 732 2242 ed.
763 2201 910 2241 Ruaei.

222 2271 267 2328 ⁵)
297 2272 408 2313 Edd.
438 2271 631 2312 Merlini:
663 2271 1014 2322 glorificaverunt.
1076 2269 1162 2311 Cfr.
1194 2287 1235 2327 p.
1266 2269 1330 2312 49.
1362 2280 1450 2310 not.
1481 2269 1519 2310 4.

221 2342 268 2399 ⁶)
298 2343 408 2384 Edd.
439 2342 634 2382 Merlini:
667 2353 706 2382 et
741 2342 1014 2382 obscuratum
1045 2352 1114 2382 est.

223 2412 268 2469 7)
298 2413 408 2453 Edd.
438 2410 631 2452 Merlini:
665 2423 703 2451 et
733 2423 1011 2452 mutaverunt.

219 2482 266 2534 ⁸)
296 2482 407 2523 Edd.
438 2481 630 2522 Merlini:
662 2482 847 2522 hominis
880 2479 1178 2536 corruptibilis.

221 2552 267 2606 ⁹)
299 2552 368 2592 Sic
397 2551 497 2592 Mss.
554 2551 670 2591 Editi
699 2567 819 2591 vero:
851 2551 1020 2599 „Paene
1048 2549 1133 2607 jam
1164 2550 1209 2590 in
1229 2549 1518 2606 superioribus

108 2610 161 2650 de
190 2607 252 2649 his
284 2609 481 2649 omnibus
513 2607 672 2647 dictum
704 2612 798 2648 est.“
832 2608 882 2648 R.

197 2673 268 2732 ¹⁰)
293 2671 373 2717 Ed.
403 2675 559 2717 Ruaei:
592 2675 702 2718 dicit.
733 2701 785 2708 -—-
819 2676 907 2718 Cfr.
940 2677 1102 2719 Coloss.
1132 2677 1165 2728 Ι,
1197 2676 1261 2720 16.

201 2747 213 2771 ¹
231 2747 272 2797 ¹)
302 2745 580 2787 Desideratur
609 2751 754 2796 ‚,sunt“
784 2747 830 2788 in
862 2749 956 2788 edd.
986 2747 1173 2788 Merlini.

195 2814 268 2869 ¹²)
297 2813 425 2856 Rom.
455 2816 508 2864 II,
537 2818 603 2859 20.
635 2840 688 2848 --
719 2817 830 2859 Edd.
850 2817 1024 2858 Merlini
1055 2818 1094 2858 h.
1123 2818 1164 2865 1.,
1199 2818 1272 2859 cfr.
1307 2831 1400 2874 pag.
1430 2814 1516 2872 huj.

84 2881 195 2913 ἠοῖ.
223 2872 277 2920 3.,
305 2880 353 2911 ut
378 2871 426 2913 in
456 2883 569 2913 textu
599 2884 760 2915 nostro.
