1788 3111
495 97 934 138 COMMENTARIORUM
963 95 1055 136 Lm.
1079 95 1155 136 IV.
1447 95 1532 138 303

124 220 336 260 sanctum,
374 208 525 264 quibus
573 208 654 249 hoc
685 206 816 248 causis
845 206 1136 263 intelligere¹)
1167 207 1431 258 deberemus,
1463 223 1532 248 ex-

124 285 278 343 posuit,
308 287 490 327 edocens
508 302 607 335 nos,
638 284 755 340 quod
779 282 968 325 Christus
999 300 1089 324 non
1118 300 1197 338 pro
1228 284 1319 340 piis,
1350 285 1423 326 sed
1451 300 1532 339 pro

123 363 263 419 impiis
311 375 504 404 mortuus
555 373 624 404 est.
693 360 817 416 Impii
864 377 1048 417 namque
1085 377 1270 410 cramus,
1307 373 1534 416 antequam

125 452 466 481 converteremur
495 440 548 480 ad
579 440 742 479 Deum:
774 451 814 479 et
846 438 1034 480 Christus
1064 437 1210 493 utique
1240 449 1423 478 mortem
1450 453 1533 492 pro

123 516 272 566 nobis,
316 528 540 571 antequam
570 515 856 565 crederemus,
901 515 1080 571 excepit:
1123 515 1240 570 quod
1270 514 1422 569 procul
1454 515 1533 554 du—

125 592 198 632 bio
228 609 317 633 non
347 591 521 641 fecisset,
550 591 630 632 nisi
659 591 833 632 nimiam
865 609 958 645 erga
988 609 1066 633 nos
1097 590 1310 632 habuisset
1329 602 1369 631 et
1398 591 1534 631 abun-

126 669 411 710 dantissimam
452 670 666 710 caritatem
707 670 772 710 vel
823 670 913 725 ipse
960 668 1174 710 Dominus
1222 680 1367 709 noster
1414 668 1535 708 Jesus

126 746 314 788 Christus
343 744 566 786 moriendo
594 763 674 801 pro
705 745 855 802 impiis,
886 747 950 787 vel
966 747 1083 787 Deus
1107 746 1233 786 Pater
1259 743 1536 797 Unigenitum

123 840 248 864 suum
276 840 355 878 pro
386 822 616 878 impiorum
646 822 910 864 redemtione
939 823 1222 878 tradend0.²)
1282 822 1392 863 Cum
1423 820 1534 861 enim

126 899 190 941 vix
230 900 378 955 aliquis
416 917 496 955 pro
526 898 637 956 justo
667 899 893 949 moriatur,
936 911 996 940 est
1039 899 1204 940 dubitet
1243 898 1535 954 unusquisque

125 988 308 1018 mortem
338 977 499 1027 subire,
538 978 662 1019 etiam
701 977 735 1019 si
778 976 926 1018 mortis
956 974 1063 1033 justa
1094 976 1145 1018 sit
1173 993 1323 1026 causa,
1355 986 1535 1031 quantus

126 1065 187 1095 est
215 1052 296 1104 hic,
329 1066 369 1094 et
399 1055 545 1097 caritas
578 1054 665 1112 ejus
697 1072 792 1108 erga
822 1071 900 1096 nos
933 1066 1089 1110 quanta
1111 1055 1328 1110 pensanda
1360 1064 1431 1102 est,
1464 1051 1538 1107 qui

125 1134 359 1173 secundum
395 1133 503 1174 illud
545 1144 733 1188 tempus,
779 1149 864 1188 quo
907 1149 1051 1188 passus
1091 1143 1171 1181 est,
1215 1148 1295 1187 pro
1324 1129 1464 1186 impiis
1497 1141 1537 1170 et

124 1207 286 1266 injustis
315 1221 499 1250 mortem
526 1210 689 1265 perpeti
718 1226 808 1250 non
837 1208 1018 1261 refugit?
1050 1210 1100 1249 In
1132 1225 1218 1265 quo
1244 1207 1392 1263 utique
1420 1224 1535 1248 sum-

124 1302 219 1326 mae
247 1285 358 1327 illius
389 1286 554 1327 divinae
584 1286 781 1327 bonitatis
823 1285 1028 1327 indicium
1071 1297 1143 1328 est.
1200 1285 1293 1326 Nisi
1326 1284 1438 1325 enim
1470 1300 1534 1325 es-

127 1375 188 1404 set
217 1363 284 1404 hic
316 1380 361 1404 ex
392 1363 465 1405 illa
503 1363 671 1404 veniens
711 1363 962 1414 substantia,
1002 1375 1043 1404 et
1080 1362 1193 1404 illius
1221 1361 1358 1403 Patris
1387 1361 1536 1412 Filius,

127 1442 180 1482 de
211 1457 296 1496 quo
328 1441 486 1481 dictum
513 1453 583 1490 est,
605 1440 700 1496 quia
731 1441 946 1496 ,‚nem03)
974 1442 1127 1490 bonus,
1156 1439 1235 1480 nisi
1263 1456 1384 1489 unus,
1416 1439 1534 1480 Deus

124 1519 288 1568 Pater,“
318 1530 478 1559 tantam
514 1517 661 1573 utique
699 1534 793 1570 erga
831 1534 909 1559 nos
947 1517 1182 1559 bonitatem
1210 1533 1301 1557 non
1330 1516 1538 1572 potuisset

126 1597 359 1638 ostendere.
401 1595 529 1636 Unde
560 1594 657 1650 quia
688 1611 736 1635 ex
754 1596 835 1636 hoc
864 1606 1004 1635 tantae
1027 1594 1228 1635 bonitatis
1257 1593 1414 1634 indicio
1445 1592 1536 1649 ipse

126 1689 213 1713 esse
242 1671 309 1713 hic
339 1672 578 1724 agnoscitur
606 1673 759 1721 bonus,
788 1688 869 1727 pro
903 1672 986 1712 hoe
1015 1672 1133 1712 bono
1164 1670 1343 1712 forsitan
1373 1669 1465 1726 quis
1495 1681 1536 1711 et

125 1750 278 1790 audeat
305 1749 429 1790 mori.
491 1749 598 1790 Cum
640 1747 751 1789 enim
782 1747 1026 1801 cognoverit
1055 1747 1345 1803 unusquisque
1375 1755 1535 1788 tantam

127 1843 221 1879 erga
249 1843 292 1867 se
321 1826 555 1868 bonitatem
588 1825 761 1876 Christi,
806 1825 1108 1881 caritatemque
1147 1823 1234 1882 ejus
1265 1824 1461 1865 habuerit
1488 1824 1534 1865 in

127 1904 257 1944 corde
286 1903 506 1952 diffusam,
545 1919 635 1943 non
675 1905 813 1944 solum
853 1902 964 1944 mori
994 1919 1074 1958 pro
1106 1903 1188 1942 hoc
1218 1903 1360 1952 bono,
1390 1903 1464 1942 sed
1495 1913 1536 1942 et

126 1981 324 2021 audacter
352 1979 463 2020 mori
495 1979 764 2023 desiderabit.
820 1980 953 2034 Quod
982 1980 1108 2020 rebus
1138 1978 1236 2034 ipsis
1267 1989 1308 2019 et
1337 1977 1535 2033 operibus

127 2073 251 2112 saepe
281 2057 470 2096 videmus
500 2056 680 2111 impleri,
711 2074 807 2097 cum
828 2056 884 2106 hi,
913 2056 957 2096 in
979 2072 1162 2110 quorum
1181 2053 1381 2096 cordibus
1396 2055 1534 2094 abun-

128 2134 278 2174 danter
307 2132 460 2173 diffusa
501 2144 561 2173 est
603 2132 747 2174 caritas
791 2131 966 2182 Christi,
1005 2142 1156 2187 sponte
1193 2130 1318 2171 etiam
1360 2143 1401 2172 et
1436 2147 1534 2172 cum

130 2209 248 2252 omni
278 2208 509 2263 audacia4)
548 2221 678 2250 semet
715 2209 828 2266 ipsos
864 2207 1205 2265 persecutoribus
1246 2209 1454 2258 offerunt,
1495 2220 1534 2249 et

125 2303 285 2328 nomen
317 2285 492 2335 Christi,
522 2285 718 2327 audiente
747 2287 935 2337 mundo,
965 2302 1108 2327 coram
1138 2284 1293 2338 angelis
1326 2296 1366 2326 et
1393 2284 1533 2326 homi-

246 2445 289 2501 1)
319 2445 436 2487 Editi
466 2446 523 2502 (v.
557 2463 590 2486 c.
623 2446 716 2486 edd.
736 2446 846 2500 ’Μ.);
877 2445 1134 2498 „intelligere
1156 2447 1371 2496 debemus,
1404 2461 1531 2500 expo-

128 2501 220 2543 suit.
277 2503 522 2543 Edoeemur
558 2507 663 2542 nos“
703 2514 776 2543 etc.
833 2503 938 2543 RIsc.
978 2519 1086 2543 unus
1127 2502 1295 2543 itidem:
1337 2502 1531 2551 „Edoce—

128 2573 225 2597 mur
261 2564 380 2599 nos.“
437 2559 661 2598 Rabanus:
697 2571 767 2609 „et
806 2560 931 2600 docet
959 2565 1084 2600 nos:“
1124 2560 1197 2600 sed
1236 2557 1387 2599 caeteri
1430 2558 1532 2598 B‘Iss,

129 2624 175 2652 ut
204 2613 247 2653 in
275 2626 420 2656 nostro
452 2625 576 2655 textu.
608 2617 656 2655 R.

244 2681 286 2735 2)
314 2683 394 2724 Ed.
424 2684 483 2724 M.
515 2685 567 2724 II.
597 2684 726 2725 male:
757 2685 979 2725 trahendo.

244 2752 290 2805 ³)
320 2753 452 2795 Marc.
484 2754 537 2802 X,
568 2753 633 2797 18.

245 2819 289 2874 ⁴)
320 2821 431 2866 Edd.
459 2821 652 2864 Merlini:
687 2822 931 2864 audacitate.
