<?xml version="1.0" encoding="UTF-8"?>
<!DOCTYPE html PUBLIC "-//W3C//DTD XHTML 1.0 Transitional//EN"
    "http://www.w3.org/TR/xhtml1/DTD/xhtml1-transitional.dtd">
<html xmlns="http://www.w3.org/1999/xhtml" xml:lang="en" lang="en">
 <head>
  <title>
</title>
<meta http-equiv="Content-Type" content="text/html;charset=utf-8" />
  <meta name='ocr-system' content='tesseract 3.04.00' />
  <meta name='ocr-capabilities' content='ocr_page ocr_carea ocr_par ocr_line ocrx_word'/>
</head>
<body>
  <div class='ocr_page' id='page_1' title='image "./operaomniaquaegr06orig/operaomniaquaegr06orig_0055.png"; bbox 0 0 1788 3111; ppageno 0'>
   <div class='ocr_carea' id='block_1_1' title="bbox 499 149 1522 195">
    <p class='ocr_par' dir='ltr' id='par_1_1' title="bbox 499 149 1522 195">
     <span class='ocr_line' id='line_1_1' title="bbox 499 149 1522 195; baseline 0.003 -4"><span class='ocrx_word' id='word_1_1' title='bbox 499 149 943 195; x_wconf 74' lang='lat' dir='ltr'><strong>COMMENTAmonUM</strong></span> <span class='ocrx_word' id='word_1_2' title='bbox 982 152 1071 193; x_wconf 80' lang='lat' dir='ltr'><strong>Lm.</strong></span> <span class='ocrx_word' id='word_1_3' title='bbox 1103 152 1133 194; x_wconf 85' lang='grc' dir='ltr'><strong>Ι.</strong></span> <span class='ocrx_word' id='word_1_4' title='bbox 1465 151 1522 195; x_wconf 83' lang='grc'><strong>43</strong></span> 
     </span>
    </p>
   </div>
   <div class='ocr_carea' id='block_1_2' title="bbox 109 260 1539 1938">
    <p class='ocr_par' dir='ltr' id='par_1_2' title="bbox 109 260 1539 1938">
     <span class='ocr_line' id='line_1_2' title="bbox 111 260 1521 321; baseline 0.003 -18"><span class='ocrx_word' id='word_1_5' title='bbox 111 263 199 303; x_wconf 89' lang='lat' dir='ltr'><strong>lum</strong></span> <span class='ocrx_word' id='word_1_6' title='bbox 220 260 261 317; x_wconf 79' lang='lat'><strong>¹)</strong></span> <span class='ocrx_word' id='word_1_7' title='bbox 293 262 512 312; x_wconf 78' lang='lat' dir='ltr'><strong>reseratur,</strong></span> <span class='ocrx_word' id='word_1_8' title='bbox 543 265 595 304; x_wconf 86' lang='lat' dir='ltr'><strong>de</strong></span> <span class='ocrx_word' id='word_1_9' title='bbox 624 279 709 319; x_wconf 88' lang='lat' dir='ltr'><strong>quo</strong></span> <span class='ocrx_word' id='word_1_10' title='bbox 741 263 828 318; x_wconf 85' lang='lat' dir='ltr'><strong>ipse</strong></span> <span class='ocrx_word' id='word_1_11' title='bbox 843 261 889 318; x_wconf 86' lang='lat'><strong>²)</strong></span> <span class='ocrx_word' id='word_1_12' title='bbox 921 262 1021 304; x_wconf 82' lang='lat' dir='ltr'><strong>alibi</strong></span> <span class='ocrx_word' id='word_1_13' title='bbox 1054 262 1166 312; x_wconf 85' lang='lat' dir='ltr'><strong>dicit,</strong></span> <span class='ocrx_word' id='word_1_14' title='bbox 1187 263 1283 318; x_wconf 79' lang='lat' dir='ltr'><strong>quia</strong></span> <span class='ocrx_word' id='word_1_15' title='bbox 1313 263 1521 321; x_wconf 84' lang='lat' dir='ltr'><strong>„impedi-</strong></span> 
     </span>
     <span class='ocr_line' id='line_1_3' title="bbox 110 338 1522 396; baseline 0.003 -15"><span class='ocrx_word' id='word_1_16' title='bbox 110 340 167 381; x_wconf 88' lang='lat' dir='ltr'><strong>vit</strong></span> <span class='ocrx_word' id='word_1_17' title='bbox 183 338 229 396; x_wconf 83' lang='grc'><strong>3)</strong></span> <span class='ocrx_word' id='word_1_18' title='bbox 260 355 337 380; x_wconf 87' lang='lat' dir='ltr'><strong>nos</strong></span> <span class='ocrx_word' id='word_1_19' title='bbox 366 345 568 389; x_wconf 80' lang='lat' dir='ltr'><strong>satanas,“</strong></span> <span class='ocrx_word' id='word_1_20' title='bbox 597 351 887 394; x_wconf 76' lang='lat' dir='ltr'><strong>competenter</strong></span> <span class='ocrx_word' id='word_1_21' title='bbox 909 341 1102 389; x_wconf 78' lang='lat' dir='ltr'><strong>ostendit,</strong></span> <span class='ocrx_word' id='word_1_22' title='bbox 1128 357 1170 381; x_wconf 91' lang='lat' dir='ltr'><strong>se</strong></span> <span class='ocrx_word' id='word_1_23' title='bbox 1192 340 1235 381; x_wconf 87' lang='lat' dir='ltr'><strong>in</strong></span> <span class='ocrx_word' id='word_1_24' title='bbox 1259 343 1522 386; x_wconf 77' lang='lat' dir='ltr'><strong>orationibus</strong></span> 
     </span>
     <span class='ocr_line' id='line_1_4' title="bbox 110 416 1524 474; baseline 0.002 -16"><span class='ocrx_word' id='word_1_25' title='bbox 110 417 200 459; x_wconf 88' lang='lat' dir='ltr'><strong>sine</strong></span> <span class='ocrx_word' id='word_1_26' title='bbox 227 416 537 458; x_wconf 71' lang='lat' dir='ltr'>intermissione</span> <span class='ocrx_word' id='word_1_27' title='bbox 567 427 738 465; x_wconf 78' lang='lat' dir='ltr'><strong>certare,</strong></span> <span class='ocrx_word' id='word_1_28' title='bbox 771 427 818 456; x_wconf 90' lang='lat' dir='ltr'><strong>ut</strong></span> <span class='ocrx_word' id='word_1_29' title='bbox 849 416 1018 457; x_wconf 78' lang='lat' dir='ltr'><strong>devictis</strong></span> <span class='ocrx_word' id='word_1_30' title='bbox 1044 429 1210 458; x_wconf 74' lang='lat' dir='ltr'><strong>satanae</strong></span> <span class='ocrx_word' id='word_1_31' title='bbox 1238 418 1524 474; x_wconf 87' lang='lat' dir='ltr'><strong>impedimen-</strong></span> 
     </span>
     <span class='ocr_line' id='line_1_5' title="bbox 111 492 1523 554; baseline 0.002 -19"><span class='ocrx_word' id='word_1_32' title='bbox 111 495 173 544; x_wconf 89' lang='lat' dir='ltr'><strong>tis,</strong></span> <span class='ocrx_word' id='word_1_33' title='bbox 202 511 456 550; x_wconf 84' lang='lat' dir='ltr'><strong>prosperum</strong></span> <span class='ocrx_word' id='word_1_34' title='bbox 485 493 564 534; x_wconf 86' lang='lat' dir='ltr'><strong>iter</strong></span> <span class='ocrx_word' id='word_1_35' title='bbox 591 510 714 534; x_wconf 91' lang='lat' dir='ltr'><strong>suum</strong></span> <span class='ocrx_word' id='word_1_36' title='bbox 733 492 779 549; x_wconf 77' lang='lat'><strong>⁴²)</strong></span> <span class='ocrx_word' id='word_1_37' title='bbox 811 495 882 535; x_wconf 84' lang='lat' dir='ltr'><strong>fiat</strong></span> <span class='ocrx_word' id='word_1_38' title='bbox 910 493 954 534; x_wconf 84' lang='lat' dir='ltr'><strong>in</strong></span> <span class='ocrx_word' id='word_1_39' title='bbox 975 495 1193 536; x_wconf 76' lang='lat' dir='ltr'><strong>voluntate</strong></span> <span class='ocrx_word' id='word_1_40' title='bbox 1215 496 1298 536; x_wconf 91' lang='lat' dir='ltr'><strong>Dei</strong></span> <span class='ocrx_word' id='word_1_41' title='bbox 1320 496 1523 554; x_wconf 75' lang='lat' dir='ltr'><strong>videre5)</strong></span> 
     </span>
     <span class='ocr_line' id='line_1_6' title="bbox 112 570 1524 628; baseline 0.001 -16"><span class='ocrx_word' id='word_1_42' title='bbox 112 587 194 621; x_wconf 86' lang='lat' dir='ltr'><strong>eos,</strong></span> <span class='ocrx_word' id='word_1_43' title='bbox 225 572 297 628; x_wconf 85' lang='lat' dir='ltr'><strong>qui</strong></span> <span class='ocrx_word' id='word_1_44' title='bbox 317 571 481 612; x_wconf 79' lang='lat' dir='ltr'><strong>Romae</strong></span> <span class='ocrx_word' id='word_1_45' title='bbox 499 582 606 612; x_wconf 85' lang='lat' dir='ltr'><strong>sunt.</strong></span> <span class='ocrx_word' id='word_1_46' title='bbox 657 570 941 626; x_wconf 64' lang='lat' dir='ltr'><strong>Desideratss)</strong></span> <span class='ocrx_word' id='word_1_47' title='bbox 974 571 1100 621; x_wconf 90' lang='lat' dir='ltr'><strong>enim,</strong></span> <span class='ocrx_word' id='word_1_48' title='bbox 1131 585 1170 613; x_wconf 88' lang='lat' dir='ltr'><strong>et</strong></span> <span class='ocrx_word' id='word_1_49' title='bbox 1194 572 1237 614; x_wconf 90' lang='lat' dir='ltr'><strong>in</strong></span> <span class='ocrx_word' id='word_1_50' title='bbox 1260 574 1524 615; x_wconf 75' lang='lat' dir='ltr'><strong>orationibus</strong></span> 
     </span>
     <span class='ocr_line' id='line_1_7' title="bbox 113 635 1526 705; baseline 0.001 -16"><span class='ocrx_word' id='word_1_51' title='bbox 113 635 336 690; x_wconf 63' lang='lat' dir='ltr'><strong>obsessi-are</strong></span> <span class='ocrx_word' id='word_1_52' title='bbox 372 666 462 695; x_wconf 76' lang='lat' dir='ltr'><strong>non</strong></span> <span class='ocrx_word' id='word_1_53' title='bbox 505 661 654 697; x_wconf 72' lang='lat' dir='ltr'><strong>cessat,</strong></span> <span class='ocrx_word' id='word_1_54' title='bbox 693 649 878 689; x_wconf 80' lang='lat' dir='ltr'><strong>fructum</strong></span> <span class='ocrx_word' id='word_1_55' title='bbox 921 649 1104 704; x_wconf 77' lang='lat' dir='ltr'>aliquem</span> <span class='ocrx_word' id='word_1_56' title='bbox 1147 666 1297 705; x_wconf 82' lang='lat' dir='ltr'><strong>capere</strong></span> <span class='ocrx_word' id='word_1_57' title='bbox 1328 667 1374 690; x_wconf 85' lang='lat' dir='ltr'><strong>ex</strong></span> <span class='ocrx_word' id='word_1_58' title='bbox 1412 649 1526 705; x_wconf 84' lang='lat' dir='ltr'><strong>ipsis,</strong></span> 
     </span>
     <span class='ocr_line' id='line_1_8' title="bbox 112 726 1526 778; baseline 0.001 -12"><span class='ocrx_word' id='word_1_59' title='bbox 112 726 218 767; x_wconf 83' lang='lat' dir='ltr'><strong>sicut</strong></span> <span class='ocrx_word' id='word_1_60' title='bbox 258 743 305 766; x_wconf 83' lang='lat' dir='ltr'><strong>ex</strong></span> <span class='ocrx_word' id='word_1_61' title='bbox 343 726 513 767; x_wconf 77' lang='lat' dir='ltr'><strong>caeteris</strong></span> <span class='ocrx_word' id='word_1_62' title='bbox 544 728 745 778; x_wconf 79' lang='lat' dir='ltr'><strong>gentibus.</strong></span> <span class='ocrx_word' id='word_1_63' title='bbox 802 726 931 766; x_wconf 87' lang='lat' dir='ltr'><strong>Unde</strong></span> <span class='ocrx_word' id='word_1_64' title='bbox 960 727 1071 767; x_wconf 83' lang='lat' dir='ltr'><strong>velut</strong></span> <span class='ocrx_word' id='word_1_65' title='bbox 1101 727 1330 767; x_wconf 82' lang='lat' dir='ltr'><strong>multarum</strong></span> <span class='ocrx_word' id='word_1_66' title='bbox 1361 726 1526 768; x_wconf 83' lang='lat' dir='ltr'><strong>divitia-</strong></span> 
     </span>
     <span class='ocr_line' id='line_1_9' title="bbox 114 802 1531 859; baseline 0.002 -17"><span class='ocrx_word' id='word_1_67' title='bbox 114 820 208 843; x_wconf 88' lang='lat' dir='ltr'><strong>rum</strong></span> <span class='ocrx_word' id='word_1_68' title='bbox 242 802 421 859; x_wconf 85' lang='lat' dir='ltr'><strong>cupidus</strong></span> <span class='ocrx_word' id='word_1_69' title='bbox 451 803 620 854; x_wconf 81' lang='lat' dir='ltr'><strong>Paulus,</strong></span> <span class='ocrx_word' id='word_1_70' title='bbox 653 820 700 844; x_wconf 82' lang='lat' dir='ltr'><strong>ex</strong></span> <span class='ocrx_word' id='word_1_71' title='bbox 728 803 870 844; x_wconf 87' lang='lat' dir='ltr'><strong>multis</strong></span> <span class='ocrx_word' id='word_1_72' title='bbox 901 803 1223 845; x_wconf 72' lang='lat' dir='ltr'><strong>rationabilibus</strong></span> <span class='ocrx_word' id='word_1_73' title='bbox 1251 803 1531 859; x_wconf 87' lang='lat' dir='ltr'><strong>possessioni-</strong></span> 
     </span>
     <span class='ocr_line' id='line_1_10' title="bbox 111 879 1528 931; baseline 0.001 -12"><span class='ocrx_word' id='word_1_74' title='bbox 111 880 191 920; x_wconf 86' lang='lat' dir='ltr'><strong>bus</strong></span> <span class='ocrx_word' id='word_1_75' title='bbox 234 879 389 921; x_wconf 73' lang='lat' dir='ltr'><strong>reditus</strong></span> <span class='ocrx_word' id='word_1_76' title='bbox 428 880 636 922; x_wconf 80' lang='lat' dir='ltr'>desiderat</span> <span class='ocrx_word' id='word_1_77' title='bbox 679 895 945 931; x_wconf 81' lang='lat' dir='ltr'><strong>congregare.</strong></span> <span class='ocrx_word' id='word_1_78' title='bbox 1006 880 1245 931; x_wconf 65' lang='lat' dir='ltr'><strong>Congregat</strong></span> <span class='ocrx_word' id='word_1_79' title='bbox 1281 882 1440 921; x_wconf 85' lang='lat' dir='ltr'><strong>fructus</strong></span> <span class='ocrx_word' id='word_1_80' title='bbox 1480 897 1528 921; x_wconf 86' lang='lat' dir='ltr'><strong>ex</strong></span> 
     </span>
     <span class='ocr_line' id='line_1_11' title="bbox 114 955 1528 1013; baseline 0.003 -17"><span class='ocrx_word' id='word_1_81' title='bbox 114 955 310 1006; x_wconf 77' lang='lat' dir='ltr'><strong>Graecis,</strong></span> <span class='ocrx_word' id='word_1_82' title='bbox 340 969 565 1009; x_wconf 77' lang='lat' dir='ltr'><strong>congregat</strong></span> <span class='ocrx_word' id='word_1_83' title='bbox 596 975 641 998; x_wconf 75' lang='lat' dir='ltr'><strong>cx</strong></span> <span class='ocrx_word' id='word_1_84' title='bbox 670 957 884 1007; x_wconf 81' lang='lat' dir='ltr'><strong>barbaris,</strong></span> <span class='ocrx_word' id='word_1_85' title='bbox 925 969 1152 1010; x_wconf 77' lang='lat' dir='ltr'><strong>congregat</strong></span> <span class='ocrx_word' id='word_1_86' title='bbox 1182 974 1228 997; x_wconf 82' lang='lat' dir='ltr'><strong>ex</strong></span> <span class='ocrx_word' id='word_1_87' title='bbox 1256 957 1528 1013; x_wconf 78' lang='lat' dir='ltr'><strong>sapientibus,</strong></span> 
     </span>
     <span class='ocr_line' id='line_1_12' title="bbox 114 1033 1528 1090; baseline 0.001 -16"><span class='ocrx_word' id='word_1_88' title='bbox 114 1033 272 1089; x_wconf 84' lang='lat' dir='ltr'><strong>aliquid</strong></span> <span class='ocrx_word' id='word_1_89' title='bbox 305 1034 429 1075; x_wconf 82' lang='lat' dir='ltr'><strong>etiam</strong></span> <span class='ocrx_word' id='word_1_90' title='bbox 462 1050 508 1073; x_wconf 84' lang='lat' dir='ltr'><strong>ex</strong></span> <span class='ocrx_word' id='word_1_91' title='bbox 537 1033 830 1090; x_wconf 78' lang='lat' dir='ltr'><strong>insipientibus</strong></span> <span class='ocrx_word' id='word_1_92' title='bbox 862 1034 1041 1086; x_wconf 84' lang='lat' dir='ltr'><strong>colligit,</strong></span> <span class='ocrx_word' id='word_1_93' title='bbox 1072 1036 1174 1075; x_wconf 78' lang='lat' dir='ltr'><strong>dam</strong></span> <span class='ocrx_word' id='word_1_94' title='bbox 1207 1034 1295 1076; x_wconf 79' lang='lat' dir='ltr'><strong>aliis</strong></span> <span class='ocrx_word' id='word_1_95' title='bbox 1321 1046 1528 1090; x_wconf 80' lang='lat' dir='ltr'><strong>tanquam</strong></span> 
     </span>
     <span class='ocr_line' id='line_1_13' title="bbox 109 1109 1530 1167; baseline 0.001 -15"><span class='ocrx_word' id='word_1_96' title='bbox 109 1112 304 1167; x_wconf 84' lang='lat' dir='ltr'><strong>perfectis</strong></span> <span class='ocrx_word' id='word_1_97' title='bbox 321 1109 365 1167; x_wconf 86' lang='lat'><strong>⁷)</strong></span> <span class='ocrx_word' id='word_1_98' title='bbox 395 1111 643 1166; x_wconf 78' lang='lat' dir='ltr'><strong>sapientiam</strong></span> <span class='ocrx_word' id='word_1_99' title='bbox 666 1112 867 1166; x_wconf 83' lang='lat' dir='ltr'><strong>loquitur,</strong></span> <span class='ocrx_word' id='word_1_100' title='bbox 899 1112 987 1153; x_wconf 80' lang='lat' dir='ltr'><strong>aliis</strong></span> <span class='ocrx_word' id='word_1_101' title='bbox 1009 1123 1213 1167; x_wconf 76' lang='lat' dir='ltr'><strong>tanquam</strong></span> <span class='ocrx_word' id='word_1_102' title='bbox 1236 1111 1530 1167; x_wconf 82' lang='lat' dir='ltr'><strong>insipientibus</strong></span> 
     </span>
     <span class='ocr_line' id='line_1_14' title="bbox 111 1186 1530 1243; baseline 0 -14"><span class='ocrx_word' id='word_1_103' title='bbox 111 1188 217 1229; x_wconf 85' lang='lat' dir='ltr'><strong>nihil</strong></span> <span class='ocrx_word' id='word_1_104' title='bbox 251 1188 363 1230; x_wconf 81' lang='lat' dir='ltr'><strong>aliud</strong></span> <span class='ocrx_word' id='word_1_105' title='bbox 393 1189 500 1229; x_wconf 87' lang='lat' dir='ltr'><strong>scire</strong></span> <span class='ocrx_word' id='word_1_106' title='bbox 514 1186 561 1243; x_wconf 78' lang='grc'><strong>8)</strong></span> <span class='ocrx_word' id='word_1_107' title='bbox 591 1204 634 1229; x_wconf 90' lang='lat' dir='ltr'><strong>se</strong></span> <span class='ocrx_word' id='word_1_108' title='bbox 665 1188 775 1238; x_wconf 86' lang='lat' dir='ltr'><strong>dicit,</strong></span> <span class='ocrx_word' id='word_1_109' title='bbox 806 1188 883 1230; x_wconf 86' lang='lat' dir='ltr'><strong>nisi</strong></span> <span class='ocrx_word' id='word_1_110' title='bbox 903 1188 1120 1230; x_wconf 79' lang='lat' dir='ltr'><strong>Christum</strong></span> <span class='ocrx_word' id='word_1_111' title='bbox 1150 1189 1310 1238; x_wconf 86' lang='lat' dir='ltr'><strong>Jesum,</strong></span> <span class='ocrx_word' id='word_1_112' title='bbox 1346 1201 1384 1230; x_wconf 87' lang='lat' dir='ltr'><strong>et</strong></span> <span class='ocrx_word' id='word_1_113' title='bbox 1413 1190 1530 1230; x_wconf 86' lang='lat' dir='ltr'><strong>hunc</strong></span> 
     </span>
     <span class='ocr_line' id='line_1_15' title="bbox 113 1264 1530 1323; baseline 0.001 -16"><span class='ocrx_word' id='word_1_114' title='bbox 113 1266 382 1315; x_wconf 73' lang='lat' dir='ltr'><strong>crucifixum3</strong></span> <span class='ocrx_word' id='word_1_115' title='bbox 413 1267 515 1306; x_wconf 89' lang='lat' dir='ltr'><strong>dum</strong></span> <span class='ocrx_word' id='word_1_116' title='bbox 547 1265 654 1306; x_wconf 79' lang='lat' dir='ltr'><strong>alios</strong></span> <span class='ocrx_word' id='word_1_117' title='bbox 686 1281 733 1306; x_wconf 88' lang='lat' dir='ltr'><strong>ex</strong></span> <span class='ocrx_word' id='word_1_118' title='bbox 762 1266 852 1317; x_wconf 83' lang='lat' dir='ltr'><strong>lege</strong></span> <span class='ocrx_word' id='word_1_119' title='bbox 882 1278 920 1306; x_wconf 86' lang='lat' dir='ltr'><strong>et</strong></span> <span class='ocrx_word' id='word_1_120' title='bbox 949 1266 1330 1322; x_wconf 82' lang='lat' dir='ltr'><strong>prophetisdocet,</strong></span> <span class='ocrx_word' id='word_1_121' title='bbox 1349 1264 1394 1323; x_wconf 83' lang='lat'><strong>9)</strong></span> <span class='ocrx_word' id='word_1_122' title='bbox 1427 1267 1530 1308; x_wconf 84' lang='lat' dir='ltr'><strong>alios</strong></span> 
     </span>
     <span class='ocr_line' id='line_1_16' title="bbox 111 1342 1531 1394; baseline 0 -10"><span class='ocrx_word' id='word_1_123' title='bbox 111 1342 235 1394; x_wconf 84' lang='lat' dir='ltr'><strong>signis</strong></span> <span class='ocrx_word' id='word_1_124' title='bbox 276 1354 316 1383; x_wconf 87' lang='lat' dir='ltr'><strong>et</strong></span> <span class='ocrx_word' id='word_1_125' title='bbox 352 1342 573 1384; x_wconf 74' lang='lat' dir='ltr'><strong>virtutibus</strong></span> <span class='ocrx_word' id='word_1_126' title='bbox 611 1345 769 1384; x_wconf 79' lang='lat' dir='ltr'><strong>suadet.</strong></span> <span class='ocrx_word' id='word_1_127' title='bbox 858 1343 1019 1384; x_wconf 84' lang='lat' dir='ltr'><strong>Verum</strong></span> <span class='ocrx_word' id='word_1_128' title='bbox 1065 1343 1142 1384; x_wconf 87' lang='lat' dir='ltr'><strong>hos</strong></span> <span class='ocrx_word' id='word_1_129' title='bbox 1184 1360 1331 1384; x_wconf 88' lang='lat' dir='ltr'><strong>omnes</strong></span> <span class='ocrx_word' id='word_1_130' title='bbox 1370 1345 1531 1384; x_wconf 84' lang='lat' dir='ltr'><strong>fructus</strong></span> 
     </span>
     <span class='ocr_line' id='line_1_17' title="bbox 116 1418 1528 1475; baseline 0 -16"><span class='ocrx_word' id='word_1_131' title='bbox 116 1419 239 1460; x_wconf 81' lang='lat' dir='ltr'><strong>affert</strong></span> <span class='ocrx_word' id='word_1_132' title='bbox 270 1418 449 1467; x_wconf 80' lang='lat' dir='ltr'><strong>Paulus,</strong></span> <span class='ocrx_word' id='word_1_133' title='bbox 487 1419 584 1473; x_wconf 87' lang='lat' dir='ltr'><strong>quia</strong></span> <span class='ocrx_word' id='word_1_134' title='bbox 622 1431 823 1473; x_wconf 69' lang='lat' dir='ltr'><strong>tanquam</strong></span> <span class='ocrx_word' id='word_1_135' title='bbox 865 1420 1028 1474; x_wconf 79' lang='lat' dir='ltr'><strong>palmes</strong></span> <span class='ocrx_word' id='word_1_136' title='bbox 1066 1420 1206 1460; x_wconf 85' lang='lat' dir='ltr'><strong>bonus</strong></span> <span class='ocrx_word' id='word_1_137' title='bbox 1235 1431 1456 1475; x_wconf 81' lang='lat' dir='ltr'><strong>permanet</strong></span> <span class='ocrx_word' id='word_1_138' title='bbox 1484 1419 1528 1460; x_wconf 86' lang='lat' dir='ltr'><strong>in</strong></span> 
     </span>
     <span class='ocr_line' id='line_1_18' title="bbox 116 1493 1532 1552; baseline 0.001 -16"><span class='ocrx_word' id='word_1_139' title='bbox 116 1496 196 1536; x_wconf 84' lang='lat' dir='ltr'><strong>vite</strong></span> <span class='ocrx_word' id='word_1_140' title='bbox 229 1511 337 1546; x_wconf 75' lang='lat' dir='ltr'><strong>vera,</strong></span> <span class='ocrx_word' id='word_1_141' title='bbox 358 1493 428 1550; x_wconf 88' lang='lat'><strong>¹⁰)</strong></span> <span class='ocrx_word' id='word_1_142' title='bbox 462 1512 568 1551; x_wconf 76' lang='lat' dir='ltr'><strong>quae</strong></span> <span class='ocrx_word' id='word_1_143' title='bbox 601 1508 658 1537; x_wconf 83' lang='lat' dir='ltr'><strong>cst</strong></span> <span class='ocrx_word' id='word_1_144' title='bbox 678 1495 746 1552; x_wconf 82' lang='lat'><strong>¹¹)</strong></span> <span class='ocrx_word' id='word_1_145' title='bbox 776 1495 978 1545; x_wconf 78' lang='lat' dir='ltr'><strong>Christus,</strong></span> <span class='ocrx_word' id='word_1_146' title='bbox 1010 1513 1135 1552; x_wconf 85' lang='lat' dir='ltr'><strong>quem</strong></span> <span class='ocrx_word' id='word_1_147' title='bbox 1168 1496 1428 1551; x_wconf 78' lang='lat' dir='ltr'><strong>frequentius</strong></span> <span class='ocrx_word' id='word_1_148' title='bbox 1452 1496 1532 1537; x_wconf 84' lang='lat' dir='ltr'><strong>Pa-</strong></span> 
     </span>
     <span class='ocr_line' id='line_1_19' title="bbox 113 1573 1532 1629; baseline 0.001 -15"><span class='ocrx_word' id='word_1_149' title='bbox 113 1585 176 1614; x_wconf 85' lang='lat' dir='ltr'><strong>ter</strong></span> <span class='ocrx_word' id='word_1_150' title='bbox 220 1585 371 1628; x_wconf 78' lang='lat' dir='ltr'><strong>purgat</strong></span> <span class='ocrx_word' id='word_1_151' title='bbox 411 1573 618 1624; x_wconf 82' lang='lat' dir='ltr'><strong>agricola,</strong></span> <span class='ocrx_word' id='word_1_152' title='bbox 665 1585 703 1614; x_wconf 88' lang='lat' dir='ltr'><strong>et</strong></span> <span class='ocrx_word' id='word_1_153' title='bbox 742 1574 840 1614; x_wconf 83' lang='lat' dir='ltr'><strong>ideo</strong></span> <span class='ocrx_word' id='word_1_154' title='bbox 889 1576 1072 1614; x_wconf 77' lang='lat' dir='ltr'><strong>fructum</strong></span> <span class='ocrx_word' id='word_1_155' title='bbox 1114 1574 1348 1629; x_wconf 83' lang='lat' dir='ltr'><strong>plurimum</strong></span> <span class='ocrx_word' id='word_1_156' title='bbox 1388 1575 1532 1615; x_wconf 76' lang='lat' dir='ltr'><strong>affert:</strong></span> 
     </span>
     <span class='ocr_line' id='line_1_20' title="bbox 113 1650 1539 1706; baseline 0.001 -16"><span class='ocrx_word' id='word_1_157' title='bbox 113 1662 265 1706; x_wconf 76' lang='lat' dir='ltr'><strong>purgat</strong></span> <span class='ocrx_word' id='word_1_158' title='bbox 295 1662 433 1691; x_wconf 78' lang='lat' dir='ltr'><strong>autem</strong></span> <span class='ocrx_word' id='word_1_159' title='bbox 465 1667 562 1691; x_wconf 89' lang='lat' dir='ltr'><strong>eum</strong></span> <span class='ocrx_word' id='word_1_160' title='bbox 588 1650 631 1691; x_wconf 89' lang='lat' dir='ltr'><strong>in</strong></span> <span class='ocrx_word' id='word_1_161' title='bbox 655 1650 888 1698; x_wconf 83' lang='lat' dir='ltr'><strong>laboribus,</strong></span> <span class='ocrx_word' id='word_1_162' title='bbox 917 1653 960 1690; x_wconf 87' lang='lat' dir='ltr'><strong>in</strong></span> <span class='ocrx_word' id='word_1_163' title='bbox 979 1650 1339 1700; x_wconf 75' lang='lat' dir='ltr'><strong>tribulationibus,</strong></span> <span class='ocrx_word' id='word_1_164' title='bbox 1370 1651 1414 1691; x_wconf 87' lang='lat' dir='ltr'><strong>in</strong></span> <span class='ocrx_word' id='word_1_165' title='bbox 1434 1661 1539 1706; x_wconf 76' lang='lat' dir='ltr'><strong>per-²</strong></span> 
     </span>
     <span class='ocr_line' id='line_1_21' title="bbox 112 1725 1535 1783; baseline 0 -15"><span class='ocrx_word' id='word_1_166' title='bbox 112 1727 411 1769; x_wconf 83' lang='lat' dir='ltr'><strong>secutionibus.</strong></span> <span class='ocrx_word' id='word_1_167' title='bbox 482 1728 592 1769; x_wconf 86' lang='lat' dir='ltr'><strong>Sunt</strong></span> <span class='ocrx_word' id='word_1_168' title='bbox 637 1725 837 1782; x_wconf 82' lang='lat' dir='ltr'><strong>enim¹²)</strong></span> <span class='ocrx_word' id='word_1_169' title='bbox 885 1726 955 1767; x_wconf 83' lang='lat' dir='ltr'><strong>alii</strong></span> <span class='ocrx_word' id='word_1_170' title='bbox 993 1727 1209 1782; x_wconf 82' lang='lat' dir='ltr'><strong>palmites,</strong></span> <span class='ocrx_word' id='word_1_171' title='bbox 1253 1727 1325 1783; x_wconf 88' lang='lat' dir='ltr'><strong>qui</strong></span> <span class='ocrx_word' id='word_1_172' title='bbox 1364 1727 1408 1768; x_wconf 86' lang='lat' dir='ltr'><strong>in</strong></span> <span class='ocrx_word' id='word_1_173' title='bbox 1452 1727 1535 1768; x_wconf 85' lang='lat' dir='ltr'><strong>vite</strong></span> 
     </span>
     <span class='ocr_line' id='line_1_22' title="bbox 115 1803 1536 1860; baseline 0.001 -15"><span class='ocrx_word' id='word_1_174' title='bbox 115 1804 287 1860; x_wconf 81' lang='lat' dir='ltr'><strong>quidem</strong></span> <span class='ocrx_word' id='word_1_175' title='bbox 319 1815 594 1860; x_wconf 81' lang='lat' dir='ltr'><strong>permanent,</strong></span> <span class='ocrx_word' id='word_1_176' title='bbox 633 1805 819 1845; x_wconf 82' lang='lat' dir='ltr'><strong>fructum</strong></span> <span class='ocrx_word' id='word_1_177' title='bbox 859 1821 957 1845; x_wconf 83' lang='lat' dir='ltr'><strong>vero</strong></span> <span class='ocrx_word' id='word_1_178' title='bbox 988 1822 1079 1845; x_wconf 89' lang='lat' dir='ltr'><strong>non</strong></span> <span class='ocrx_word' id='word_1_179' title='bbox 1121 1803 1286 1854; x_wconf 84' lang='lat' dir='ltr'><strong>ferunt,</strong></span> <span class='ocrx_word' id='word_1_180' title='bbox 1324 1806 1399 1847; x_wconf 84' lang='lat' dir='ltr'><strong>sed</strong></span> <span class='ocrx_word' id='word_1_181' title='bbox 1437 1816 1536 1847; x_wconf 87' lang='lat' dir='ltr'><strong>sunt</strong></span> 
     </span>
     <span class='ocr_line' id='line_1_23' title="bbox 115 1881 1538 1938; baseline 0 -16"><span class='ocrx_word' id='word_1_182' title='bbox 115 1882 233 1923; x_wconf 85' lang='lat' dir='ltr'><strong>aridi.</strong></span> <span class='ocrx_word' id='word_1_183' title='bbox 280 1881 342 1922; x_wconf 85' lang='lat' dir='ltr'><strong>Ex</strong></span> <span class='ocrx_word' id='word_1_184' title='bbox 365 1881 518 1937; x_wconf 82' lang='lat' dir='ltr'><strong>quibus</strong></span> <span class='ocrx_word' id='word_1_185' title='bbox 540 1892 637 1922; x_wconf 88' lang='lat' dir='ltr'><strong>sunt</strong></span> <span class='ocrx_word' id='word_1_186' title='bbox 666 1881 740 1931; x_wconf 86' lang='lat' dir='ltr'><strong>illi,</strong></span> <span class='ocrx_word' id='word_1_187' title='bbox 770 1881 843 1936; x_wconf 83' lang='lat' dir='ltr'><strong>qui</strong></span> <span class='ocrx_word' id='word_1_188' title='bbox 873 1882 1051 1923; x_wconf 82' lang='lat' dir='ltr'><strong>nomine</strong></span> <span class='ocrx_word' id='word_1_189' title='bbox 1081 1883 1252 1937; x_wconf 86' lang='lat' dir='ltr'><strong>quidem</strong></span> <span class='ocrx_word' id='word_1_190' title='bbox 1282 1881 1538 1938; x_wconf 54' lang='lat' dir='ltr'><strong>permanent</strong></span> 
     </span>
    </p>
   </div>
   <div class='ocr_carea' id='block_1_3' title="bbox 113 1958 1536 2014">
    <p class='ocr_par' dir='ltr' id='par_1_3' title="bbox 113 1958 1536 2014">
     <span class='ocr_line' id='line_1_24' title="bbox 113 1958 1536 2014; baseline 0 -14"><span class='ocrx_word' id='word_1_191' title='bbox 113 1959 157 2000; x_wconf 88' lang='lat' dir='ltr'><strong>in</strong></span> <span class='ocrx_word' id='word_1_192' title='bbox 191 1958 384 2008; x_wconf 83' lang='lat' dir='ltr'><strong>Christo,</strong></span> <span class='ocrx_word' id='word_1_193' title='bbox 419 1959 619 2014; x_wconf 78' lang='lat' dir='ltr'><strong>operibus</strong></span> <span class='ocrx_word' id='word_1_194' title='bbox 659 1971 796 1999; x_wconf 83' lang='lat' dir='ltr'><strong>autem</strong></span> <span class='ocrx_word' id='word_1_195' title='bbox 831 1971 869 2000; x_wconf 89' lang='lat' dir='ltr'><strong>et</strong></span> <span class='ocrx_word' id='word_1_196' title='bbox 900 1959 1060 2000; x_wconf 77' lang='lat' dir='ltr'><strong>actibus</strong></span> <span class='ocrx_word' id='word_1_197' title='bbox 1091 1959 1344 2001; x_wconf 83' lang='lat' dir='ltr'><strong>infructuosi</strong></span> <span class='ocrx_word' id='word_1_198' title='bbox 1372 1959 1536 2001; x_wconf 85' lang='lat' dir='ltr'><strong>inveni-</strong></span> 
     </span>
    </p>
   </div>
   <div class='ocr_carea' id='block_1_4' title="bbox 223 2063 446 2069">
    <p class='ocr_par' dir='ltr' id='par_1_4' title="bbox 223 2063 446 2069">
     <span class='ocr_line' id='line_1_25' title="bbox 223 2063 446 2069; baseline 0 0"><span class='ocrx_word' id='word_1_199' title='bbox 223 2063 446 2069; x_wconf 95' lang='lat' dir='ltr'><strong> </strong></span> 
     </span>
    </p>
   </div>
   <div class='ocr_carea' id='block_1_5' title="bbox 212 2115 1536 2804">
    <p class='ocr_par' dir='ltr' id='par_1_5' title="bbox 234 2115 1535 2243">
     <span class='ocr_line' id='line_1_26' title="bbox 234 2115 1535 2174; baseline 0.005 -18"><span class='ocrx_word' id='word_1_200' title='bbox 234 2115 276 2173; x_wconf 86' lang='lat'><strong>¹)</strong></span> <span class='ocrx_word' id='word_1_201' title='bbox 308 2117 406 2159; x_wconf 81' lang='lat' dir='ltr'><strong>Mss.</strong></span> <span class='ocrx_word' id='word_1_202' title='bbox 434 2119 614 2173; x_wconf 84' lang='lat' dir='ltr'><strong>aliquot:</strong></span> <span class='ocrx_word' id='word_1_203' title='bbox 650 2120 729 2169; x_wconf 80' lang='lat' dir='ltr'><strong>„ad</strong></span> <span class='ocrx_word' id='word_1_204' title='bbox 759 2118 866 2159; x_wconf 79' lang='lat' dir='ltr'><strong>illud</strong></span> <span class='ocrx_word' id='word_1_205' title='bbox 897 2121 1120 2168; x_wconf 77' lang='lat' dir='ltr'><strong>referatur,</strong></span> <span class='ocrx_word' id='word_1_206' title='bbox 1146 2121 1198 2160; x_wconf 89' lang='lat' dir='ltr'><strong>de</strong></span> <span class='ocrx_word' id='word_1_207' title='bbox 1231 2126 1344 2174; x_wconf 87' lang='lat' dir='ltr'><strong>quo“</strong></span> <span class='ocrx_word' id='word_1_208' title='bbox 1375 2132 1450 2162; x_wconf 82' lang='lat' dir='ltr'><strong>etc.</strong></span> <span class='ocrx_word' id='word_1_209' title='bbox 1484 2119 1535 2162; x_wconf 82' lang='lat' dir='ltr'><strong>R.</strong></span> 
     </span>
     <span class='ocr_line' id='line_1_27' title="bbox 234 2186 911 2243; baseline 0.003 -16"><span class='ocrx_word' id='word_1_210' title='bbox 234 2186 280 2242; x_wconf 82' lang='lat'><strong>²)</strong></span> <span class='ocrx_word' id='word_1_211' title='bbox 311 2187 423 2229; x_wconf 88' lang='lat' dir='ltr'><strong>Edd.</strong></span> <span class='ocrx_word' id='word_1_212' title='bbox 451 2187 648 2228; x_wconf 79' lang='lat' dir='ltr'><strong>Merlini:</strong></span> <span class='ocrx_word' id='word_1_213' title='bbox 681 2189 781 2229; x_wconf 81' lang='lat' dir='ltr'><strong>alibi</strong></span> <span class='ocrx_word' id='word_1_214' title='bbox 811 2189 911 2243; x_wconf 86' lang='lat' dir='ltr'><strong>ipse.</strong></span> 
     </span>
    </p>

    <p class='ocr_par' dir='ltr' id='par_1_6' title="bbox 232 2257 683 2314">
     <span class='ocr_line' id='line_1_28' title="bbox 232 2257 683 2314; baseline -0.004 -17"><span class='ocrx_word' id='word_1_215' title='bbox 232 2258 279 2314; x_wconf 73' lang='lat'><strong>3)</strong></span> <span class='ocrx_word' id='word_1_216' title='bbox 308 2258 329 2297; x_wconf 78' lang='lat' dir='ltr'>I</span> <span class='ocrx_word' id='word_1_217' title='bbox 361 2258 504 2298; x_wconf 83' lang='lat' dir='ltr'><strong>Thess.</strong></span> <span class='ocrx_word' id='word_1_218' title='bbox 536 2257 587 2307; x_wconf 71' lang='lat' dir='ltr'><strong>Il,</strong></span> <span class='ocrx_word' id='word_1_219' title='bbox 620 2258 683 2300; x_wconf 80' lang='grc'><strong>18.</strong></span> 
     </span>
    </p>

    <p class='ocr_par' dir='ltr' id='par_1_7' title="bbox 235 2327 1536 2455">
     <span class='ocr_line' id='line_1_29' title="bbox 235 2327 1536 2385; baseline 0.002 -18"><span class='ocrx_word' id='word_1_220' title='bbox 235 2327 280 2385; x_wconf 66' lang='grc'>4)</span> <span class='ocrx_word' id='word_1_221' title='bbox 311 2328 390 2369; x_wconf 86' lang='lat' dir='ltr'><strong>Ed.</strong></span> <span class='ocrx_word' id='word_1_222' title='bbox 412 2329 468 2369; x_wconf 80' lang='grc' dir='ltr'><strong>Μ.</strong></span> <span class='ocrx_word' id='word_1_223' title='bbox 488 2327 532 2377; x_wconf 61' lang='lat' dir='ltr'><strong>I„</strong></span> <span class='ocrx_word' id='word_1_224' title='bbox 562 2329 704 2382; x_wconf 80' lang='lat' dir='ltr'><strong>itemq.</strong></span> <span class='ocrx_word' id='word_1_225' title='bbox 726 2330 788 2369; x_wconf 84' lang='lat' dir='ltr'><strong>ed.</strong></span> <span class='ocrx_word' id='word_1_226' title='bbox 809 2327 964 2369; x_wconf 76' lang='lat' dir='ltr'><strong>Ruaei:</strong></span> <span class='ocrx_word' id='word_1_227' title='bbox 990 2327 1087 2385; x_wconf 83' lang='lat' dir='ltr'><strong>ejus.</strong></span> <span class='ocrx_word' id='word_1_228' title='bbox 1113 2355 1155 2360; x_wconf 92' lang='lat'><strong>-—</strong></span> <span class='ocrx_word' id='word_1_229' title='bbox 1182 2328 1264 2371; x_wconf 85' lang='lat' dir='ltr'><strong>Cfr.</strong></span> <span class='ocrx_word' id='word_1_230' title='bbox 1283 2329 1407 2372; x_wconf 83' lang='lat' dir='ltr'><strong>Rom.</strong></span> <span class='ocrx_word' id='word_1_231' title='bbox 1422 2330 1454 2380; x_wconf 89' lang='lat' dir='ltr'><strong>I,</strong></span> <span class='ocrx_word' id='word_1_232' title='bbox 1471 2331 1536 2375; x_wconf 86' lang='grc'><strong>10.</strong></span> 
     </span>
     <span class='ocr_line' id='line_1_30' title="bbox 235 2398 933 2455; baseline 0.003 -17"><span class='ocrx_word' id='word_1_233' title='bbox 235 2398 280 2455; x_wconf 65' lang='lat'><strong>⁵)</strong></span> <span class='ocrx_word' id='word_1_234' title='bbox 313 2399 421 2440; x_wconf 84' lang='lat' dir='ltr'><strong>Edd.</strong></span> <span class='ocrx_word' id='word_1_235' title='bbox 450 2398 645 2439; x_wconf 64' lang='lat' dir='ltr'><strong>Men-lini:</strong></span> <span class='ocrx_word' id='word_1_236' title='bbox 678 2416 749 2440; x_wconf 79' lang='lat' dir='ltr'><strong>eos</strong></span> <span class='ocrx_word' id='word_1_237' title='bbox 780 2400 933 2440; x_wconf 79' lang='lat' dir='ltr'><strong>videre.</strong></span> 
     </span>
    </p>

    <p class='ocr_par' dir='ltr' id='par_1_8' title="bbox 234 2467 1386 2525">
     <span class='ocr_line' id='line_1_31' title="bbox 234 2467 1386 2525; baseline 0 -16"><span class='ocrx_word' id='word_1_238' title='bbox 234 2468 281 2525; x_wconf 76' lang='grc'><strong>6)</strong></span> <span class='ocrx_word' id='word_1_239' title='bbox 312 2470 426 2510; x_wconf 75' lang='lat' dir='ltr'><strong>Rom</strong></span> <span class='ocrx_word' id='word_1_240' title='bbox 469 2469 501 2517; x_wconf 87' lang='lat' dir='ltr'><strong>I,</strong></span> <span class='ocrx_word' id='word_1_241' title='bbox 532 2471 596 2512; x_wconf 79' lang='grc'><strong>11.</strong></span> <span class='ocrx_word' id='word_1_242' title='bbox 628 2470 692 2510; x_wconf 78' lang='grc'><strong>13.</strong></span> <span class='ocrx_word' id='word_1_243' title='bbox 816 2467 858 2524; x_wconf 72' lang='grc' dir='ltr'><strong>τ)</strong></span> <span class='ocrx_word' id='word_1_244' title='bbox 893 2469 908 2508; x_wconf 79' lang='lat' dir='ltr'>I</span> <span class='ocrx_word' id='word_1_245' title='bbox 942 2469 1040 2512; x_wconf 87' lang='lat' dir='ltr'><strong>Cor.</strong></span> <span class='ocrx_word' id='word_1_246' title='bbox 1070 2470 1121 2518; x_wconf 79' lang='grc' dir='ltr'><strong>Π,</strong></span> <span class='ocrx_word' id='word_1_247' title='bbox 1154 2471 1190 2513; x_wconf 85' lang='grc'><strong>6.</strong></span> <span class='ocrx_word' id='word_1_248' title='bbox 1381 2505 1386 2509; x_wconf 89' lang='grc'>.</span> 
     </span>
    </p>

    <p class='ocr_par' dir='ltr' id='par_1_9' title="bbox 234 2538 1507 2666">
     <span class='ocr_line' id='line_1_32' title="bbox 234 2538 1507 2596; baseline 0.001 -18"><span class='ocrx_word' id='word_1_249' title='bbox 234 2539 282 2596; x_wconf 76' lang='lat'><strong>³)</strong></span> <span class='ocrx_word' id='word_1_250' title='bbox 313 2539 424 2580; x_wconf 85' lang='lat' dir='ltr'><strong>Edd.</strong></span> <span class='ocrx_word' id='word_1_251' title='bbox 458 2538 652 2580; x_wconf 65' lang='lat' dir='ltr'><strong>M&#39;erlini:</strong></span> <span class='ocrx_word' id='word_1_252' title='bbox 684 2538 816 2586; x_wconf 74' lang='lat' dir='ltr'><strong>„scire</strong></span> <span class='ocrx_word' id='word_1_253' title='bbox 845 2546 919 2579; x_wconf 83' lang='lat' dir='ltr'><strong>se“</strong></span> <span class='ocrx_word' id='word_1_254' title='bbox 953 2551 1028 2580; x_wconf 83' lang='lat' dir='ltr'><strong>etc.</strong></span> <span class='ocrx_word' id='word_1_255' title='bbox 1090 2539 1175 2580; x_wconf 73' lang='lat' dir='ltr'><strong>Cfr.</strong></span> <span class='ocrx_word' id='word_1_256' title='bbox 1205 2539 1223 2578; x_wconf 70' lang='lat' dir='ltr'>I</span> <span class='ocrx_word' id='word_1_257' title='bbox 1257 2538 1355 2582; x_wconf 88' lang='lat' dir='ltr'><strong>Cor.</strong></span> <span class='ocrx_word' id='word_1_258' title='bbox 1386 2539 1439 2588; x_wconf 87' lang='lat' dir='ltr'><strong>II,</strong></span> <span class='ocrx_word' id='word_1_259' title='bbox 1468 2541 1507 2582; x_wconf 80' lang='grc'><strong>2.</strong></span> 
     </span>
     <span class='ocr_line' id='line_1_33' title="bbox 239 2607 842 2666; baseline -0.002 -16"><span class='ocrx_word' id='word_1_260' title='bbox 239 2609 284 2666; x_wconf 81' lang='grc'>9)</span> <span class='ocrx_word' id='word_1_261' title='bbox 317 2611 441 2650; x_wconf 80' lang='lat' dir='ltr'><strong>Rom.</strong></span> <span class='ocrx_word' id='word_1_262' title='bbox 470 2608 565 2657; x_wconf 82' lang='lat' dir='ltr'><strong>XV,</strong></span> <span class='ocrx_word' id='word_1_263' title='bbox 594 2607 632 2650; x_wconf 82' lang='grc'><strong>8.</strong></span> <span class='ocrx_word' id='word_1_264' title='bbox 663 2608 842 2650; x_wconf 79' lang='grc'><strong>9.-19,</strong></span> 
     </span>
    </p>

    <p class='ocr_par' dir='ltr' id='par_1_10' title="bbox 212 2678 910 2735">
     <span class='ocr_line' id='line_1_34' title="bbox 212 2678 910 2735; baseline 0.003 -17"><span class='ocrx_word' id='word_1_265' title='bbox 212 2678 282 2735; x_wconf 88' lang='lat'><strong>¹⁰)</strong></span> <span class='ocrx_word' id='word_1_266' title='bbox 317 2679 390 2721; x_wconf 89' lang='lat' dir='ltr'><strong>Ev.</strong></span> <span class='ocrx_word' id='word_1_267' title='bbox 422 2680 578 2719; x_wconf 77' lang='lat' dir='ltr'><strong>Joann.</strong></span> <span class='ocrx_word' id='word_1_268' title='bbox 605 2679 702 2727; x_wconf 81' lang='lat' dir='ltr'><strong>XV,</strong></span> <span class='ocrx_word' id='word_1_269' title='bbox 731 2679 767 2720; x_wconf 84' lang='lat'><strong>1.</strong></span> <span class='ocrx_word' id='word_1_270' title='bbox 796 2695 910 2733; x_wconf 83' lang='lat' dir='ltr'><strong>seqq.</strong></span> 
     </span>
    </p>

    <p class='ocr_par' dir='ltr' id='par_1_11' title="bbox 214 2748 1114 2804">
     <span class='ocr_line' id='line_1_35' title="bbox 214 2748 1114 2804; baseline 0 -15"><span class='ocrx_word' id='word_1_271' title='bbox 214 2748 284 2804; x_wconf 81' lang='lat'><strong>¹¹)</strong></span> <span class='ocrx_word' id='word_1_272' title='bbox 315 2749 425 2790; x_wconf 79' lang='lat' dir='ltr'><strong>Edd.</strong></span> <span class='ocrx_word' id='word_1_273' title='bbox 455 2748 647 2789; x_wconf 77' lang='lat' dir='ltr'><strong>Merlini:</strong></span> <span class='ocrx_word' id='word_1_274' title='bbox 680 2765 789 2804; x_wconf 80' lang='lat' dir='ltr'><strong>quae</strong></span> <span class='ocrx_word' id='word_1_275' title='bbox 826 2749 1014 2790; x_wconf 80' lang='lat' dir='ltr'><strong>Christus</strong></span> <span class='ocrx_word' id='word_1_276' title='bbox 1046 2762 1114 2790; x_wconf 76' lang='lat' dir='ltr'><strong>cst.</strong></span> 
     </span>
    </p>
   </div>
   <div class='ocr_carea' id='block_1_6' title="bbox 214 2817 1539 2874">
    <p class='ocr_par' dir='ltr' id='par_1_12' title="bbox 214 2817 1539 2874">
     <span class='ocr_line' id='line_1_36' title="bbox 214 2817 1539 2874; baseline 0.001 -15"><span class='ocrx_word' id='word_1_277' title='bbox 214 2817 284 2874; x_wconf 84' lang='lat'><strong>¹²)</strong></span> <span class='ocrx_word' id='word_1_278' title='bbox 315 2820 420 2861; x_wconf 79' lang='lat' dir='ltr'><strong>Msc.</strong></span> <span class='ocrx_word' id='word_1_279' title='bbox 452 2837 580 2860; x_wconf 86' lang='lat' dir='ltr'><strong>unus:</strong></span> <span class='ocrx_word' id='word_1_280' title='bbox 620 2819 755 2869; x_wconf 86' lang='lat' dir='ltr'><strong>„Sunt</strong></span> <span class='ocrx_word' id='word_1_281' title='bbox 786 2825 963 2860; x_wconf 82' lang='lat' dir='ltr'><strong>autem.“</strong></span> <span class='ocrx_word' id='word_1_282' title='bbox 1022 2820 1186 2863; x_wconf 70' lang='lat' dir='ltr'><strong>caeteri</strong></span> <span class='ocrx_word' id='word_1_283' title='bbox 1224 2818 1320 2860; x_wconf 63' lang='grc' dir='ltr'><strong>Μῦς.</strong></span> <span class='ocrx_word' id='word_1_284' title='bbox 1362 2830 1400 2859; x_wconf 84' lang='lat' dir='ltr'><strong>et</strong></span> <span class='ocrx_word' id='word_1_285' title='bbox 1439 2818 1539 2861; x_wconf 85' lang='lat' dir='ltr'><strong>editi</strong></span> 
     </span>
    </p>
   </div>
   <div class='ocr_carea' id='block_1_7' title="bbox 118 2874 940 2932">
    <p class='ocr_par' dir='ltr' id='par_1_13' title="bbox 118 2874 940 2932">
     <span class='ocr_line' id='line_1_37' title="bbox 118 2874 940 2932; baseline -0.004 -15"><span class='ocrx_word' id='word_1_286' title='bbox 118 2877 184 2932; x_wconf 77' lang='lat' dir='ltr'><strong>(e.</strong></span> <span class='ocrx_word' id='word_1_287' title='bbox 218 2893 249 2916; x_wconf 89' lang='lat' dir='ltr'><strong>c.</strong></span> <span class='ocrx_word' id='word_1_288' title='bbox 276 2877 370 2916; x_wconf 84' lang='lat' dir='ltr'><strong>edd.</strong></span> <span class='ocrx_word' id='word_1_289' title='bbox 400 2874 509 2930; x_wconf 78' lang='lat' dir='ltr'><strong>M.):</strong></span> <span class='ocrx_word' id='word_1_290' title='bbox 542 2875 679 2925; x_wconf 89' lang='lat' dir='ltr'><strong>„Sunt</strong></span> <span class='ocrx_word' id='word_1_291' title='bbox 708 2875 860 2916; x_wconf 81' lang='lat' dir='ltr'><strong>enim.“</strong></span> <span class='ocrx_word' id='word_1_292' title='bbox 890 2874 940 2915; x_wconf 83' lang='lat' dir='ltr'><strong>R.</strong></span> 
     </span>
    </p>
   </div>
  </div>
 </body>
</html>
