1788 3111
479 107 923 150 CommnnrAmonum
952 105 1044 147 Lm.
1074 105 1146 148 IV.
1440 101 1525 146 255

105 222 231 265 nobis
268 223 322 263 de
359 220 444 272 his,
483 220 557 277 qui
600 230 697 260 ante
738 218 874 271 legem
908 217 1044 259 Mosis
1085 217 1129 258 in
1166 216 1525 272 praevaricatione

105 298 206 342 facti
244 298 374 341 sunt?
434 297 480 340 Si
518 296 631 338 enim
677 296 822 338 nullus
871 307 969 337 ante
1011 295 1167 337 Mosen
1214 294 1526 350 praevaricator

107 375 272 426 exstitit,
301 392 429 417 nemo
461 375 765 415 condemnatus
799 382 880 422 est,
909 388 1038 413 nemo
1067 369 1252 427 punitus.
1312 370 1430 425 Quid
1461 371 1526 412 di-

107 453 263 508 cent¹)
294 454 347 494 de
377 451 641 495 Sodomitis?
682 449 785 506 quid
828 451 881 490 de
909 449 994 499 his,
1035 448 1107 504 qui
1143 447 1188 488 in
1228 448 1387 489 diluvio
1420 466 1524 490 con—

107 530 295 571 demnati
325 528 453 571 sunt?
486 528 589 584 quid
619 528 672 569 de
704 526 838 568 Cain?
879 525 982 582 quid
1013 526 1066 566 de
1095 524 1186 580 ipso
1219 525 1389 566 Adam?
1424 527 1527 582 quid

108 609 162 648 (le
191 609 279 648 Eva
310 606 642 661 respondebunt,
674 606 726 645 de
759 621 840 660 qua
873 603 1103 659 Apostolus
1136 602 1256 643 dicit:
1287 603 1527 658 „mulier²)

108 696 250 725 autem
271 685 441 725 seducta
470 682 514 722 in
534 681 938 737 praevaricationem
968 683 1077 722 facta
1108 679 1226 721 est?“
1258 679 1302 721 Si
1323 679 1412 721 sine
1436 681 1527 733 lege

107 760 241 802 Blosis
271 778 362 801 non
392 770 452 800 est
474 759 791 815 praevaricatio,
822 760 937 799 unde
965 759 1116 807 Adam,
1149 757 1262 797 unde
1291 756 1379 798 Eva
1402 774 1526 813 prae-

107 838 358 878 varicatores
390 838 441 877 ab
474 837 685 892 Apostolo
717 835 1023 876 nominantur?
1056 837 1217 876 Verum
1250 846 1297 875 ut
1327 834 1450 876 etiam
1482 835 1526 876 in

105 915 396 970 superioribus
413 916 452 968 ³)
490 930 615 969 saepe
655 912 741 970 jam
782 912 981 963 diximus,
1023 911 1202 953 diversas
1239 912 1282 953 in
1325 913 1403 953 hac
1436 913 1525 968 epi-

103 993 211 1034 stola
241 993 350 1045 leges
390 992 624 1047 Apostolus
667 989 921 1039 introducit,
960 1000 1000 1029 et
1041 1006 1155 1029 nunc
1186 990 1239 1030 de
1269 990 1361 1042 lege
1389 990 1525 1032 Flosis

103 1068 314 1124 loquitur,
359 1085 475 1110 nunc
521 1069 657 1121 legem
706 1066 806 1107 fidei
844 1066 1063 1116 nominat,
1106 1065 1214 1107 sicut
1252 1083 1349 1107 cum
1399 1066 1525 1109 dicit:

103 1146 203 1198 „ubi
219 1147 265 1202 ⁴)
297 1158 358 1187 est
388 1163 485 1198 ergo
505 1145 549 1202 ⁵)
581 1145 774 1198 gloriatio
805 1144 906 1185 tua?
954 1144 1133 1185 Exclusa
1165 1155 1236 1185 est.
1282 1143 1368 1185 Per
1397 1161 1525 1200 quam

104 1223 269 1276 legem?
312 1222 536 1279 Operum?
583 1223 704 1269 N0n;
741 1222 815 1262 sed
851 1237 929 1276 per
967 1221 1104 1273 legem
1146 1219 1287 1261 f1dei.“
1356 1221 1527 1262 Inducit

104 1313 321 1355 praeterea
354 1312 394 1340 et
423 1299 522 1340 alias
553 1300 674 1351 leges,
708 1299 760 1339 de
805 1297 958 1353 quibus
1001 1297 1120 1338 dicit:
1161 1298 1522 1353 „condelector-⁶)

104 1378 217 1418 enim
248 1377 327 1429 legi
357 1377 441 1417 Dei
470 1377 704 1417 secundum
733 1375 980 1416 interiorem
1020 1375 1260 1415 hominem:
1292 1374 1415 1415 video
1447 1392 1523 1416 au-

103 1466 190 1495 tem
220 1455 345 1495 aliam
373 1454 507 1506 legem
530 1453 575 1494 in
593 1452 794 1494 membris
812 1452 928 1502 meis,
958 1463 1264 1507 repugnantem
1296 1451 1376 1504 legi
1401 1469 1522 1493 men-

102 1531 154 1571 tis
185 1548 315 1581 meae,
348 1543 388 1572 et
419 1531 629 1586 captivum
659 1547 727 1571 me
747 1531 971 1570 ducentem
991 1528 1035 1569 in
1065 1529 1212 1582 lege7)
1244 1528 1451 1584 peccati:“
1484 1540 1525 1570 et

100 1607 158 1649 ita
190 1609 242 1648 de
273 1623 357 1647 una
387 1608 441 1648 ad
472 1608 649 1649 alteram
682 1608 817 1659 legem
847 1605 1016 1655 transit,
1048 1617 1113 1654 ut,
1142 1605 1222 1646 nisi
1248 1622 1390 1646 sensus
1420 1606 1522 1659 vigi-

102 1685 193 1726 lans
226 1696 266 1725 et
296 1684 482 1724 intentus
513 1683 577 1733 sit,
609 1684 927 1738 deprehendere
959 1699 1056 1722 eum
1096 1693 1136 1722 et
1171 1682 1290 1738 sequi
1328 1682 1394 1723 vix
1419 1700 1522 1738 pos-

100 1761 164 1803 sit.
221 1761 469 1802 Videndum
509 1772 568 1802 est
606 1777 726 1812 ergo,
771 1776 825 1800 ne
863 1761 975 1800 sorte
1010 1759 1083 1799 illa
1114 1759 1205 1809 lex,
1251 1776 1359 1816 quae
1389 1772 1450 1801 est
1477 1760 1522 1801 in

99 1838 301 1879 membris
340 1837 569 1893 nostris,⁸)
612 1849 652 1878 et
683 1837 868 1892 captivos
907 1854 986 1877 nos
1017 1836 1133 1877 ducit
1161 1835 1207 1876 in
1236 1836 1328 1888 lege
1345 1836 1390 1891 9)
1420 1854 1521 1892 pec-

102 1916 203 1966 cati,
242 1916 330 1971 ipsa
369 1915 420 1956 sit
459 1916 545 1965 lex,
599 1931 727 1970 quam
767 1915 999 1970 Apostolus
1046 1914 1153 1954 iram
1200 1913 1303 1954 dicit
1342 1915 1520 1970 operari.

102 1993 318 2048 Operatur
339 1993 452 2033 enim
483 1992 572 2033 sine
602 1991 734 2033 dubio
766 1992 872 2032 iram
905 1991 953 2040 ei,
987 2008 1114 2046 quem
1145 1991 1356 2046 captivum
1388 1993 1517 2032 duxe-

100 2069 155 2109 rit
184 2069 228 2110 in
266 2068 447 2124 legem)
490 2069 662 2124 peccatI.
719 2068 809 2108 Ubi
847 2080 988 2109 autem
1028 2069 1090 2109 lex
1129 2068 1204 2108 ista
1252 2085 1342 2108 non
1379 2068 1519 2118 fuerit,

222 2214 264 2269 1)
296 2215 407 2255 Edd.
438 2212 634 2254 Merlini:
668 2212 769 2268 quid
801 2212 970 2254 diceret.

218 2283 264 2338 ²>
295 2285 313 2323 I
346 2284 455 2324 Tim.
487 2284 538 2331 Π,
571 2282 636 2324 14.

212 2353 260 2408 3)
294 2352 378 2393 Cfr.
408 2369 498 2408 pag.
530 2354 608 2395 197
639 2363 727 2392 not.
758 2352 797 2394 3.

216 2421 262 2476 ⁴)
292 2423 417 2464 Rom.
448 2424 522 2472 ΙΠ,
552 2424 618 2464 27.

214 2491 259 2546 5)
290 2493 422 2533 Deest
450 2497 604 2544 „ergo“
632 2491 676 2532 in
707 2492 800 2534 edd.
832 2493 894 2533 M.

215 2561 262 2617 ⁶)
290 2563 416 2603 Rom.
445 2561 540 2611 VII,
570 2563 638 2603 22.
664 2563 734 2605 23.

219 2631 262 2684 7)
291 2632 372 2672 Ed.
401 2632 464 2673 M.
493 2631 534 2671 I:
564 2631 712 2684 legem.

219 2699 265 2755 ⁸)
296 2701 409 2742 Alias
439 2702 499 2757 (v.
531 2718 563 2742 c.
594 2701 638 2741 in
670 2702 763 2743 edd.
792 2701 900 2756 M.):
930 2701 1098 2751 „meis.“
1126 2702 1188 2743 M.

220 2767 263 2822 9)
294 2769 403 2810 Edd.
433 2771 494 2812 M.
522 2771 560 2810 h.
592 2771 704 2820 loco,
734 2772 807 2810 cfr.
838 2787 878 2826 p.
909 2769 995 2826 huj.
1026 2782 1114 2811 not.
1147 2773 1185 2813 7.
1217 2771 1395 2824 „legem.

193 2837 264 2892 ¹⁰)
294 2838 404 2879 Edd.
433 2839 495 2880 Μ.
526 2850 566 2880 et
588 2840 639 2880 R.
670 2841 710 2881 h.
738 2840 850 2892 loco,
869 2842 944 2882 cfr.
970 2858 1011 2896 p.
1031 2839 1118 2899 huj.
1139 2852 1232 2884 not.
1260 2843 1297 2886 9.
1326 2842 1482 2895 „lege.“
