1788 3111
503 102 944 145 COMMENrAmonnm
972 104 1062 145 Lm.
1086 105 1157 146 IV.
1453 107 1537 151 297

128 214 230 256 ritus
261 215 425 256 culmen
445 213 488 269 ¹)
519 215 757 263 adscendat,
785 213 891 255 sieut
921 225 959 255 et
978 214 1079 257 alibi
1106 215 1228 258 dicit:
1256 217 1416 275 ‚‚qui²)
1447 219 1538 271 glo-

127 291 279 340 riatur,
320 292 364 332 in
401 291 595 332 Domino
634 291 873 342 glorietur.“
931 291 1080 345 Neque
1118 307 1216 343 ergo
1258 295 1302 335 in
1334 296 1539 352 sapientia

129 368 328 424 propria,
371 384 509 423 neque
548 367 592 408 in
622 367 892 417 fortitudine,
937 384 1076 424 neque
1104 368 1148 408 in
1190 370 1362 421 divitiis,
1390 374 1463 413 sed
1492 373 1538 413 in

127 445 221 486 solo
253 445 349 485 Deo
383 443 578 484 convenit
607 443 788 494 gloriari.
847 445 933 486 Sed
963 449 1137 487 fortasse
1163 446 1295 488 dicas:
1325 448 1538 503 numquid

127 537 217 561 non
246 520 448 576 sapientia
485 523 538 562 ad
577 519 743 562 virtutes
783 522 912 562 animi
941 522 1128 578 spectat?
1184 523 1239 564 Et
1278 541 1353 564 cur
1387 526 1535 580 culpa-

127 598 213 638 bile
251 595 480 651 ducitur3)
517 597 562 637 in
606 597 810 652 sapientia
849 598 1048 649 gloriari?
1102 599 1211 640 Vide
1251 617 1371 652 ergo,
1408 617 1536 656 quam

128 686 270 716 cautus
286 671 330 729 ⁴)
371 686 427 715 est
457 673 699 728 ScriPturae
735 691 898 724 sermo,
941 676 1013 731 qui
1050 676 1265 732 impolitus
1304 678 1468 718 videtur
1497 689 1538 718 et

128 753 304 805 agrestis.
361 752 459 792 Non
490 750 611 791 dixit:
649 767 763 799 „non
803 752 1002 804 glorietur
1029 753 1193 808 sapiens
1222 753 1266 794 in
1295 755 1537 810 sapientia,“

128 841 167 870 et
193 829 327 877 siluit3
362 829 436 868 scd
473 826 548 866 ait:
588 825 763 881 „non⁵)
807 828 1010 877 glorietur
1049 832 1212 886 sapiens
1250 831 1293 872 in
1332 831 1535 887 sapientia

125 912 238 948 sua.“
297 904 383 958 Qui
413 903 524 944 enim
553 903 597 944 in
626 920 721 953 sua,
764 914 804 943 et
843 920 931 943 non
961 903 1006 944 in
1036 904 1120 945 Dei
1148 907 1351 962 sapientia
1381 909 1535 960 gloria-

123 995 205 1032 tur,
236 982 502 1038 culpabiliter
530 979 752 1032 gloriatur,
782 979 941 1036 quiae)
971 992 1011 1021 et
1040 981 1138 1023 alibi
1175 985 1273 1025 dicit
1302 986 1536 1041 propheta:

120 1059 281 1114 ‚,vae⁷)
322 1057 457 1114 his‚8)
489 1057 561 1114 qui
597 1057 803 1112 sapientes
832 1070 928 1099 sunt
958 1060 1070 1114 apud
1111 1072 1241 1107 semet
1269 1060 1397 1116 ipsos,
1425 1074 1463 1103 et
1491 1062 1537 1104 in

126 1147 353 1191 conspectu
383 1152 460 1176 suo
493 1134 684 1176 eruditi.“
713 1135 796 1175 Dei
827 1150 924 1185 ergo
953 1137 1156 1191 sapientia
1181 1150 1239 1179 est
1261 1139 1403 1181 Deum
1437 1156 1536 1192 cog-

122 1230 316 1261 noscere,
336 1212 380 1266 9)
423 1224 461 1253 et
489 1211 717 1262 intelligere
747 1211 1080 1254 misericordiam
1112 1212 1220 1270 ejus,
1250 1228 1289 1256 et
1315 1216 1536 1274 judicium,

125 1301 165 1331 et
194 1288 404 1346 justitiam,
435 1305 561 1343 quam
590 1287 690 1329 fecit
718 1305 844 1343 super
872 1300 1048 1330 terram:
1087 1290 1131 1331 in
1161 1308 1246 1347 quo
1280 1296 1350 1348 qui
1381 1296 1536 1346 gloria-

124 1378 212 1416 tur,
249 1366 293 1407 in
333 1365 525 1406 Domino
566 1365 780 1416 gloriatur.
847 1364 1046 1407 Humana
1083 1384 1182 1409 vero
1212 1370 1413 1425 sapientia
1443 1388 1534 1414 non

122 1454 259 1499 potest
286 1443 392 1485 scire
423 1453 460 1483 et
488 1442 718 1493 intelligere
746 1442 1011 1493 Dominum,
1046 1460 1186 1500 neque
1215 1462 1441 1498 agnoscere
1467 1449 1535 1507 ju-

124 1520 257 1568 dicia,
290 1531 327 1560 et
355 1519 706 1568 misericordiam,
750 1530 788 1559 et
815 1518 1011 1575 justitiam
1043 1519 1151 1577 ejus,
1182 1539 1309 1578 quam
1339 1525 1437 1566 fecit
1464 1544 1535 1568 su·-

123 1613 200 1652 per
226 1609 402 1646 terran13
432 1607 471 1636 et
497 1596 595 1636 idco
628 1596 875 1636 indifferens
906 1607 964 1636 est
993 1608 1031 1637 et
1059 1599 1210 1640 media.
1247 1600 1391 1643 Potest
1420 1603 1533 1645 enim

124 1673 227 1723 fieri,
258 1685 303 1713 ut
333 1690 379 1713 ex
408 1673 488 1713 hac
519 1673 705 1712 humana
735 1671 938 1726 sapientia
981 1673 1165 1716 eruditus
1205 1677 1295 1731 quis
1327 1680 1380 1719 ad
1409 1678 1532 1721 intel-

121 1749 333 1801 ligentiam
376 1748 540 1790 divinae
583 1746 810 1803 sapientiae
856 1749 1045 1803 paratior
1084 1751 1242 1802 veniat,
1283 1766 1322 1795 et
1364 1755 1409 1796 in
1451 1756 1531 1798 hac

124 1827 365 1868 exercitatus
396 1827 448 1867 ad
476 1825 593 1866 illam
624 1823 824 1879 capacior
851 1827 935 1868 fiat.
994 1827 1133 1869 Simili
1171 1831 1304 1871 modo
1347 1833 1418 1888 qui
1448 1834 1531 1874 uti-

123 1915 192 1945 tur
222 1903 402 1953 caeteris,
433 1918 539 1958 quae
570 1902 710 1942 media
744 1917 830 1942 csse
859 1903 1057 1953 diximus,
1097 1904 1347 1949 fortitudine
1378 1911 1530 1951 dunta-

120 1992 199 2030 xat,
235 1981 299 2020 vel
328 1979 495 2020 divitiis:
527 1995 634 2033 quae
665 1980 764 2018 dum
795 1979 937 2020 media
964 1992 1074 2030 sunt,
1103 1982 1186 2023 hoc
1216 1997 1286 2033 est,
1318 1987 1420 2027 dum
1439 2004 1531 2028 non

121 2057 164 2098 in
197 2073 326 2112 opere
355 2055 437 2096 Dei
467 2054 557 2110 quis
585 2054 707 2095 fortis
738 2066 806 2103 est,
833 2071 972 2110 neque
1007 2057 1053 2096 in
1098 2059 1393 2103 misericordiis
1422 2079 1529 2118 pau-

122 2150 271 2190 perum
304 2132 438 2182 dives,
480 2131 650 2182 gloriari
679 2147 818 2185 neque
846 2132 890 2172 in
921 2134 1191 2184 fortitudine,
1219 2153 1358 2192 neque
1385 2139 1429 2180 in
1461 2141 1527 2183 di-

122 2210 226 2252 vitiis
257 2210 392 2250 debet.
450 2207 495 2249 Si
525 2224 623 2248 vero
653 2207 740 2257 ista,
770 2224 879 2263 quae
912 2209 1050 2251 media
1070 2223 1178 2261 sunt,
1209 2214 1262 2254 ad
1284 2215 1415 2257 animi
1443 2217 1525 2258 vir-

238 2349 282 2403 ¹)
306 2347 375 2388 Sic
412 2363 557 2390 omnes
586 2347 686 2390 Mss.
717 2347 865 2399 nostri3
896 2348 995 2390 editi
1024 2365 1122 2391 vero
1143 2350 1199 2407 (v.
1230 2369 1263 2394 c.
1295 2356 1389 2399 edd.
1420 2356 1523 2413 M.):

120 2407 345 2457 „cultum.“
376 2406 429 2447 R·

233 2475 279 2531 ²)
309 2477 329 2515 I
360 2475 459 2516 Cor.
491 2475 523 2524 I,
549 2477 617 2520 31,
733 2474 779 2529 3)
810 2474 918 2516 Edd.
948 2474 1138 2517 Merlini:
1175 2478 1339 2521 dicitur.

229 2544 279 2601 ³⁴)
311 2545 426 2587 Editi
453 2547 513 2601 (v.
548 2562 582 2587 e.
612 2546 706 2588 edd.
734 2544 840 2599 M.):
870 2550 1090 2596 ‚,astutus.“
1119 2547 1168 2590 R.

232 2614 279 2669 ⁵)
305 2615 461 2655 Jerem.
491 2615 567 2664 IX,
595 2615 662 2657 23.

235 2683 283 2737 ὃ)
313 2684 393 2726 Ed.
423 2685 482 2727 M.
511 2685 562 2726 II.
592 2685 732 2726 minus
763 2696 976 2727 accurate:
1007 2685 1104 2742 quia
1135 2698 1180 2727 ut
1211 2686 1309 2730 alibi
1339 2700 1412 2734 cte..

238 2752 283 2807 '')
309 2753 433 2796 Jesai.
459 2755 512 2803 V,
539 2755 606 2796 21.

235 2822 282 2879 ⁸)
311 2823 420 2868 Edd.
450 2823 640 2866 Merlini:
671 2825 730 2868 iis.
855 2822 902 2879 ⁹)
931 2824 1086 2868 Jerem.
1118 2825 1192 2876 IX,
1219 2827 1284 2874 24.
