1788 3111
480 140 926 183 COMMENTAmonuM
954 139 1045 181 Lm.
1077 138 1151 183 111.
1450 141 1539 185 225

105 253 326 297 stificanda
354 265 642 296 memoretur:
670 250 944 308 praeputium
979 267 1094 301 vero,
1130 251 1249 307 quod
1269 249 1313 306 ¹)
1341 253 1533 294 secundo

104 332 203 372 loco
236 333 290 373 ad
319 330 660 385 justificationem
693 329 900 378 trahitur,
946 344 1037 369 non
1069 344 1115 369 ex
1138 329 1245 377 fide,
1273 329 1347 369 sed
1376 345 1456 384 per
1483 330 1536 371 fi-

106 409 204 449 dem
234 407 547 465 justificandum
589 406 764 447 dicatur.
824 405 936 446 Puto
978 415 1145 454 autem,
1183 405 1302 460 quod
1343 406 1455 448 etin
1487 421 1536 448 ea

106 484 360 534 differentia,
388 500 514 539 quam
542 498 668 538 supra
702 480 902 524 diximus:
937 480 1130 535 „sicut²)
1162 480 1276 521 enim
1303 481 1458 523 mulier
1489 498 1537 523 ex

104 561 218 610 viro,
260 560 316 603 ita
361 573 401 602 et
442 560 505 601 vir
532 576 611 615 per
639 558 911 599 muliercm:“
950 557 1118 614 plenius
1147 556 1222 597 ista
1254 556 1534 609 designentur.

103 637 253 680 Primo
306 638 459 679 etenim
501 638 600 677 loco
643 634 707 677 vir
750 646 828 685 est,
874 651 921 675 ex
960 651 1046 690 quo
1092 635 1350 675 descendere
1380 635 1537 677 mulier

106 713 283 764 dicitur,
324 726 362 755 et
398 730 489 755 non
535 729 614 768 per
655 713 806 754 virum.
867 713 1068 752 Secundo
1115 728 1216 752 vero
1249 713 1292 752 in
1323 712 1423 752 loco
1455 728 1535 767 per

102 789 327 831 mulierem
357 790 431 838 vir,
459 790 558 845 quia
595 789 750 830 mulier
779 788 1017 830 ministrare
1059 790 1386 844 quodammodo
1417 788 1535 830 vide-

102 876 174 906 tur
202 865 366 907 auctori
404 865 510 914 viro,
556 877 594 907 et
622 865 721 907 ideo
770 881 849 921 per
878 865 1101 906 mulierem
1132 864 1194 907 vir
1224 866 1378 907 dicitur
1404 865 1534 916 nasci,

104 953 145 983 et
177 959 266 983 non
298 959 343 983 ex
373 942 562 983 muliere.
611 942 698 983 Sed
728 942 913 984 fortassis
948 954 1143 983 occurrat
1168 943 1316 998 aliquis
1349 943 1448 984 huic
1481 945 1534 984 de

101 1018 280 1059 muliere
311 1031 350 1060 et
378 1019 469 1060 viro
501 1020 756 1075 expositioni
780 1031 963 1068 nostrae,
998 1030 1037 1060 et
1060 1018 1233 1076 objiciat
1261 1020 1382 1069 illud,
1413 1021 1535 1075 quod.

102 1093 206 1135 dixit
233 1096 465 1150 Apostolus
494 1098 546 1137 de
579 1096 772 1138 Christo:
804 1099 989 1147 „factum
1007 1095 1052 1152 3)
1085 1112 1132 1137 ex
1151 1095 1342 1145 muliere,
1372 1097 1533 1137 factum

99 1171 178 1212 sub
209 1172 349 1223 lege:“
381 1184 420 1213 et
448 1191 538 1215 non
569 1174 690 1215 dixit:
732 1176 890 1216 factum
932 1189 1010 1228 per
1037 1173 1273 1214 mulierem.
1335 1172 1416 1214 Cui
1446 1173 1532 1213 hoc

101 1249 237 1289 modo
281 1251 630 1304 respondendum
670 1262 791 1306 puto.
858 1250 928 1289 De
967 1248 1085 1290 omni
1129 1250 1303 1304 quidem
1355 1249 1532 1291 homine

104 1324 327 1366 conveniet
359 1326 464 1375 dici,
506 1328 623 1382 quod
662 1343 742 1382 per
777 1327 1001 1367 mulierem
1039 1327 1172 1367 factus
1212 1326 1282 1375 sit,
1323 1326 1531 1382 quoniam

104 1402 305 1457 quidem,
334 1403 582 1459 priusquam
611 1420 690 1459 per
718 1403 943 1444 mulierem
972 1413 1226 1452 nasceretur,
1259 1418 1306 1443 ex
1337 1403 1426 1444 viro
1460 1419 1531 1443 ac-

103 1478 216 1533 cepit
247 1479 491 1521 exordium:
535 1480 724 1522 Christus
766 1495 888 1527 vero,
933 1478 1006 1535 qui
1043 1496 1135 1520 non
1177 1495 1224 1520 cx
1259 1479 1420 1521 semine
1452 1479 1531 1520 viri

103 1554 239 1596 carnis
269 1571 369 1596 suae
410 1556 555 1597 sumsit
586 1557 815 1609 originem,
855 1556 1004 1597 merito
1047 1571 1120 1604 „ex
1156 1554 1363 1596 muliere“
1393 1557 1529 1597 factus

101 1631 268 1672 dicitur.
326 1632 410 1688 Ipsi
439 1649 648 1688 namque,
676 1633 722 1674 id
754 1644 832 1682 est,
861 1631 1057 1681 mulieri,
1098 1643 1137 1672 et
1164 1632 1253 1687 ipsa
1281 1631 1530 1688 principalis

103 1709 221 1759 origo
254 1708 389 1749 carnis
421 1707 508 1763 ejus
539 1710 812 1759 adscribitur,
856 1720 895 1749 et
925 1720 1036 1749 recte
1065 1724 1156 1749 non
1185 1725 1264 1764 per
1290 1708 1533 1760 mulierem,

99 1787 172 1826 sed
200 1801 274 1834 „ex
304 1785 509 1826 muliere“
538 1788 670 1827 factus
700 1787 752 1827 ab
784 1787 994 1842 Apostolo
1034 1797 1309 1826 memoratur.
1366 1785 1530 1827 Justifi-

102 1873 168 1903 cat
197 1877 295 1913 ergo
327 1879 437 1904 unus
467 1874 591 1918 atque
609 1864 723 1904 idem
750 1862 869 1903 Deus
894 1862 1261 1904 circumcisionem
1292 1878 1338 1902 ex
1353 1861 1398 1918 4)
1430 1863 1529 1914 fide,

102 1949 141 1979 et
167 1939 438 1994 praeputium
477 1956 557 1995 per
596 1941 740 1981 fidem.
811 1939 945 1994 Quod
982 1941 1016 1982 si
1055 1940 1243 1994 requirat
1273 1939 1421 1994 aliquis
1454 1956 1529 1980 cu-

102 2014 266 2063 riosius,
295 2015 338 2064 ii,
370 2015 442 2070 qui
476 2032 522 2056 ex
551 2017 636 2057 fide
659 2016 951 2073 justificantur,
980 2032 1058 2072 per
1082 2032 1207 2071 quem
1227 2014 1530 2073 justificentur;

102 2101 144 2130 et
171 2107 338 2131 rursum
368 2091 410 2140 ii,
442 2091 515 2146 qui
539 2109 616 2148 per
640 2094 769 2133 fidem
796 2091 1088 2148 justificantur,
1118 2108 1164 2131 ex
1182 2107 1267 2146 quo
1298 2090 1528 2147 justificen-

101 2177 188 2206 tur:
218 2166 317 2206 licet
346 2168 530 2210 fortassis
560 2170 693 2210 multa
721 2169 767 2209 in
796 2169 882 2209 hoc
913 2167 1129 2208 curiositas
1148 2167 1353 2215 videatur,
1380 2179 1526 2208 tamen

103 2243 407 2284 convenienter
443 2245 585 2286 dicere
621 2261 868 2301 possumus,
906 2245 1045 2299 quod,
1085 2243 1159 2299 qui
1189 2261 1236 2284 ex
1262 2245 1346 2285 fide
1375 2244 1525 2302 justifi-

102 2330 264 2369 cantur,
292 2319 412 2362 initio
443 2337 490 2361 ex
522 2323 608 2363 fide
645 2333 784 2363 sumto
815 2337 893 2377 per
924 2320 1275 2376 adimpletionem
1305 2321 1524 2362 bonorum

103 2412 285 2451 operum
318 2411 688 2448 consummantur,
728 2409 769 2440 et
813 2397 886 2454 qui
914 2413 994 2453 per
1021 2399 1148 2439 fidem
1177 2395 1470 2454 justificantur,
1500 2415 1524 2440 a

100 2473 227 2516 bonis
259 2473 461 2529 operibus
502 2474 637 2516 exorsi
654 2473 698 2530 ⁵)
737 2491 816 2531 per
843 2475 973 2516 fidem
1010 2491 1222 2517 summam
1251 2474 1524 2531 perfectionis

219 2645 264 2699 ¹)
292 2646 406 2688 Edd.
437 2648 633 2691 Merlini:
663 2650 782 2705 quod
811 2647 856 2690 in
884 2650 1074 2691 secundo
1107 2662 1170 2692 etc

216 2714 262 2769 ²)
290 2716 310 2755 I
342 2717 441 2758 Cor.
471 2718 547 2767 ΧῘ,
578 2720 642 2762 12.

218 2782 266 2839 3)
301 2784 436 2827 Galat.
468 2787 541 2837 IV,
570 2788 608 2829 4.
727 2788 772 2841 4)
803 2789 929 2830 Rom.
959 2789 1032 2838 ΙΙΙ,
1060 2791 1126 2832 30.

217 2854 262 2909 ⁵)
297 2854 619 2898 Genebrardus:
648 2858 867 2907 ‚,extorsi.“
897 2858 1024 2901 Male.
1054 2859 1104 2900 R.

103 2931 326 2975 Omezms
359 2932 533 2978 OPERA.
574 2933 695 2977 ΤοΜ.
725 2934 796 2977 VI.
1162 2936 1217 2977 15
