1788 3111
233 136 320 181 222
546 130 793 174 Omomus
820 142 867 174 m
897 129 975 172 ΕΡ.
1005 140 1066 172 An
1098 128 1325 175 Romfflos

234 247 366 304 De¹)
415 247 478 289 his
514 245 601 305 jam
650 245 844 302 superius
877 244 1074 287 diximus.
1144 244 1278 299 Quod
1324 260 1424 288 vero
1456 246 1580 288 etiam
1615 246 1662 289 in

235 326 448 384 praesenti
475 325 576 366 loco
610 324 791 365 duarum
821 323 962 374 legum
992 321 1092 363 facit
1119 321 1272 363 iterum
1303 323 1564 365 mentionem
1582 356 1594 375 ,
1624 337 1664 367 et

237 403 340 446 dicit
367 404 504 455 legem
545 417 726 457 operum
778 410 818 441 et
862 400 997 451 legem
1040 399 1221 455 fidei‚2)
1267 400 1496 458 considera¹
1536 401 1661 444 etiam

233 482 327 538 ipse
357 479 431 536 qui
459 478 572 531 legis,
601 490 746 519 utrum
778 479 830 518 ad
860 478 995 528 legem
1025 475 1158 517 Mosis
1191 488 1230 517 et
1259 478 1393 529 legem
1423 482 1660 522 naturalem

233 574 375 602 sermo
406 557 477 599 hic
508 557 661 598 debeat
688 553 898 604 inclinari,
930 570 983 594 an
1015 555 1067 595 ad
1098 555 1231 607 legem
1261 555 1421 605 literae,
1459 568 1499 597 et
1526 556 1658 608 legem

233 635 425 692 spiritus:
465 634 564 688 quia
611 634 677 674 lex
723 624 1088 682 literae'occidit,
1138 643 1176 672 et
1214 642 1400 683 mortem
1449 645 1662 688 operatur,

233 714 301 755 lex
316 711 362 770 3)
393 723 534 752 autern
564 709 732 766 spiritus
761 708 915 749 liberat
942 725 965 750 a
995 709 1085 760 lege
1113 707 1289 763 peccati,
1320 720 1358 749 et
1387 710 1549 752 mortis.

350 791 418 836 10.
474 787 603 829 Unde
643 797 682 827 et
722 784 1023 826 convenienter
1052 783 1096 825 in
1129 785 1487 840 consequentibus
1517 789 1663 844 ponit:

233 885 316 920 „an
331 866 376 924 4)
416 866 685 907 Judaeorum
723 863 843 904 Deus
883 858 1082 903 tantum?
1139 862 1297 903 Nonne
1339 877 1378 906 et
1422 862 1660 907 Gentium?

232 946 329 987 Imo
361 955 400 985 et
431 941 648 984 Gentium.
708 939 927 994 Quoniam
960 939 1133 995 quidem
1171 958 1280 982 unus
1310 940 1450 992 Deus,
1492 942 1564 997 qui
1593 941 1659 999 ju-

231 1022 382 1066 stificat
411 1018 780 1062 circumcisionem
814 1033 859 1058 ex
890 1018 988 1067 fide,
1018 1028 1058 1057 et
1085 1017 1354 1073 praeputium
1389 1034 1465 1073 per
1493 1020 1660 1060 fidem.“

231 1099 309 1141 His
335 1099 530 1155 quidem,
562 1093 635 1151 qui
666 1094 796 1136 alium
827 1095 978 1135 volunt
1016 1109 1103 1135 esse
1136 1094 1403 1135 Judaeorum
1435 1095 1590 1145 Deum,
1622 1107 1662 1137 et

233 1177 364 1218 alium
397 1174 614 1224 Gentium,
642 1172 686 1213 id
705 1184 776 1221 est,
807 1171 936 1212 alium
959 1170 1074 1221 legis,
1097 1181 1136 1210 et
1165 1170 1297 1211 alium
1314 1170 1658 1223 Evangeliorum‚

231 1253 389 1309 satis5)
433 1254 487 1292 de
524 1251 611 1291 hoc
652 1249 730 1291 erit
757 1259 929 1299 angusta
959 1258 996 1287 et
1026 1258 1140 1287 arcta
1171 1247 1416 1301 responsio,
1446 1250 1656 1303 Apostolo

231 1331 371 1372 Paulo
403 1326 688 1371 abundantius
716 1324 813 1368 satis
843 1326 972 1366 dante
998 1324 1247 1366 sententiam
1277 1341 1410 1373 suam,
1441 1341 1538 1382 cum
1568 1342 1661 1366 non

231 1410 375 1451 solum
419 1422 555 1447 unum
596 1404 709 1445 dicat
749 1418 833 1443 esse
867 1401 1012 1443 Deum
1051 1402 1321 1443 ,Iudaeorum
1363 1412 1403 1442 et
1441 1400 1658 1451 Gentium,

231 1487 306 1528 sed
338 1495 378 1526 ct
407 1484 548 1532 addat,
578 1482 698 1537 quod
724 1481 839 1539 idem
871 1490 997 1535 atque
1024 1479 1114 1534 ipse
1142 1478 1216 1529 sit,
1250 1479 1324 1535 qui
1352 1478 1549 1535 justificat
1579 1479 1660 1520 cir-

233 1562 539 1604 cumcisionem
571 1575 618 1600 ex
648 1560 746 1608 fide,
776 1568 816 1599 et
845 1557 1117 1614 praeputium
1148 1572 1226 1612 per
1255 1558 1397 1598 fidem.
1455 1556 1589 1611 Quod
1620 1567 1659 1597 et

231 1641 267 1682 si
298 1636 665 1681 circumcisionem
696 1651 775 1691 per
815 1633 1059 1685 allegoriam
1099 1633 1312 1690 suscipere
1348 1633 1571 1683 voluerint,
1601 1634 1657 1674 ita

230 1729 279 1759 ut
306 1727 474 1758 sanctos
496 1726 535 1755 ct
557 1713 791 1768 spirituales
816 1726 1010 1766 quosque
1039 1711 1091 1752 ab
1123 1727 1173 1751 eo
1195 1710 1561 1752 circumcisionem
1597 1710 1663 1750 di-

234 1805 333 1836 cant
375 1808 460 1834 esse
500 1792 758 1846 appellatos,
796 1788 934 1829 statim
975 1786 1020 1827 in
1059 1788 1414 1843 consequentibus
1444 1787 1659 1828 invenient

235 1868 479 1924 obicem.⁶)
544 1867 591 1908 Si
630 1866 742 1907 enim
784 1863 1150 1906 circumcisionem
1179 1876 1372 1916 sanctos,
1400 1867 1489 1915 vel,
1519 1877 1566 1905 ut
1596 1864 1658 1905 illi

232 1947 461 1989 nominant
501 1943 735 2000 spirituales
765 1941 1015 1996 appellavit,
1056 1958 1318 1998 consequens
1351 1954 1428 1992 est,
1457 1954 1503 1983 ut
1531 1957 1656 1996 prae-

232 2024 401 2081 putium
439 2032 684 2078 peccatores
726 2018 893 2075 dixerit,
939 2018 1106 2074 quos7)
1145 2020 1206 2060 illi
1246 2019 1449 2061 animales
1489 2029 1656 2059 vocant.

231 2101 288 2144 Et
317 2100 540 2157 quomodo
573 2096 806 2147 conveniet,
833 2106 880 2137 ut
909 2097 1049 2138 bonus
1078 2095 1195 2138 Deus
1236 2096 1395 2153 pariter
1422 2095 1657 2152 spirituales

352 2285 395 2339 ¹)
426 2283 540 2326 Alias
566 2282 625 2340 (v.
656 2297 689 2323 c.
710 2279 755 2321 in
776 2280 869 2320 edd.
891 2276 1000 2335 Μ.);
1030 2278 1126 2329 „De
1147 2279 1209 2322 his
1229 2279 1421 2335 superius
1443 2277 1579 2320 dixit.“
1606 2276 1654 2316 R.

347 2353 394 2409 2)
423 2352 541 2394 Editi
570 2352 630 2406 (e.
663 2367 697 2392 c.
731 2350 824 2391 cdd.
854 2348 964 2403 M.):
994 2350 1127 2400 ‚,dei.“
1159 2349 1207 2390 R.

348 2424 394 2478 3)
425 2424 505 2464 Ed.
536 2419 671 2462 Ruaei
711 2419 824 2460 sola:
848 2419 911 2459 lex
938 2431 1076 2460 autem
1099 2419 1267 2475 spiritus
1284 2419 1389 2459 vitae
1410 2416 1560 2458 liberat
1580 2426 1652 2455 etc.

348 2492 394 2550 ⁴)
428 2492 554 2533 Rom.
584 2489 657 2540 Ill,
685 2490 751 2530 29.
781 2489 848 2530 30.

349 2562 394 2620 ⁵)
427 2562 498 2603 Sic
528 2577 675 2601 omnes
703 2558 803 2599 Rlss.
834 2557 976 2599 nostri.
1008 2556 1125 2597 Editi
1160 2573 1258 2596 vero
1291 2557 1349 2612 (c.
1380 2572 1412 2595 c.
1433 2554 1651 2608 cdd.M.):

231 2621 350 2672 „satis
382 2622 434 2661 de
464 2619 548 2660 hoc
579 2627 747 2669 angusta
782 2627 821 2654 et
836 2626 946 2655 arcta
973 2614 1191 2667 responsio
1213 2615 1265 2652 ab
1284 2613 1493 2667 Apostolo
1516 2611 1652 2652 Paulo

230 2688 484 2735 praestatur:
513 2674 608 2716 satis
639 2671 820 2715 ostendit
847 2670 1093 2712 sententiam
1121 2686 1254 2718 suam,
1286 2674 1410 2709 cum“
1442 2680 1516 2708 etc.
1549 2667 1595 2709 R.

349 2747 394 2800 6)
425 2745 538 2786 Alias
569 2744 627 2800 (v.
657 2760 690 2785 c.
721 2743 766 2783 iu
798 2742 891 2782 edd.
921 2739 1030 2795 Μ.);
1063 2738 1311 2795 „objiccrcf‘
1343 2739 1468 2779 Male.
1501 2737 1550 2778 R,

235 2815 400 2916 catuvg
426 2816 537 2858 Alias
569 2815 628 2868 (e.
669 2829 702 2854 c.
746 2812 791 2853 in
822 2812 916 2854 edd.
947 2809 1052 2865 Μ,);
1083 2826 1215 2865 „quos
1247 2810 1318 2850 me
1346 2810 1545 2851 animulas
1576 2824 1647 2848 vo-
