1788 3111
191 107 277 151 352
531 100 753 143 OmGEms
782 113 830 143 m
859 100 938 143 Ep,
968 111 1027 141 AD
1061 99 1297 143 Rommos‘

191 220 330 269 faciat,
361 229 401 259 et
433 215 764 274 perfectioribus
793 214 963 256 divinae
991 213 1191 256 bonitatis
1219 225 1379 256 secreta
1398 231 1490 258 non
1511 217 1627 259 clau-

193 300 278 339 dat.
342 294 464 335 Bene
502 305 644 336 autem
673 293 787 349 =quia
828 293 973 348 plures
1002 291 1171 347 posuit,
1212 292 1267 332 ad
1309 308 1417 347 quos
1458 293 1624 335 donum

192 373 349 428 gratiae
378 371 583 428 pertinet,
622 386 749 426 quam
797 385 892 419 eos,
937 367 1009 424 qui
1054 367 1179 410 unius
1221 367 1377 410 delicto
1411 369 1628 411 constituti

190 464 289 496 sunt
318 460 578 507 peccatores.
636 448 687 488 In
727 463 813 503 quo
857 446 1043 488 arbitror
1082 446 1257 501 quidem
1301 445 1463 501 aliquid
1497 458 1537 488 et
1565 447 1629 487 la-

193 529 316 572 tentis
347 543 432 570 esse
462 522 668 584 mysterii:
711 522 810 579 quia
842 533 881 563 et
910 523 1070 579 alihi1)
1100 534 1287 564 mortem
1311 523 1413 564 dicit
1431 538 1627 575 regnasse

194 609 248 648 ab
280 606 419 648 Adam
449 617 584 658 usque
615 602 670 642 ad
699 600 881 650 Mosen,
921 618 1015 642 non
1043 601 1089 642 in
1121 616 1283 650 omnes,
1311 600 1386 641 sed
1414 599 1461 641 in
1492 615 1562 641 eos
1579 599 1627 656 ²)

193 696 382 732 tantum,
442 680 514 736 qui
570 679 808 719 secundum
866 677 1191 719 similitudinem
1247 676 1626 734 praevaricationis

193 761 351 803 Adami
379 766 675 814 peccaverunt.
735 753 901 796 Tamen
933 766 972 795 et
1002 754 1263 810 simpliciore
1281 754 1500 796 intellectu
1527 765 1630 811 pot-

195 851 254 881 est
285 835 419 878 videri
448 835 547 876 ideo
579 835 724 891 plures
754 834 911 883 dictos,
944 831 1055 888 quia,
1085 831 1274 888 quamvis
1306 832 1378 888 qui
1408 847 1455 872 ex
1486 831 1627 872 Adam

194 928 441 974 peccatores
471 911 572 954 facti
601 923 721 962 sunt,
759 910 882 952 multi
911 909 1019 959 sint,
1063 920 1208 950 tamen
1239 910 1312 965 qui
1342 926 1421 964 per
1450 911 1627 961 gratiam

196 991 353 1035 Christi
383 990 673 1038 vivificantur,
715 987 813 1028 ideo
845 988 989 1043 plures
1021 985 1184 1042 dicti3)
1215 998 1337 1037 sunt,
1369 986 1469 1042 quia
1501 985 1626 1027 etiam

192 1072 265 1112 ille
293 1069 395 1125 ipse,
427 1083 474 1108 ex
505 1082 592 1121 quo
624 1065 668 1106 in
702 1076 887 1105 caeteros
925 1081 1041 1106 mors
1071 1064 1234 1119 peccati
1265 1065 1419 1105 diffusa
1450 1074 1521 1114 est,
1551 1064 1628 1104 ad-

194 1148 308 1189 ditur
336 1158 518 1185 numero
554 1158 729 1191 eorum,
760 1157 834 1190 eo,
865 1140 985 1196 quod
1014 1157 1112 1181 cum
1145 1139 1369 1190 omnibus,
1400 1156 1507 1195 quos
1537 1140 1627 1195 ipse

193 1227 351 1266 fecerat
379 1221 458 1262 sub
491 1218 662 1267 delicto,
694 1217 819 1259 ctiam
850 1216 941 1272 ipse
969 1219 1173 1268 salvetur,
1201 1217 1310 1258 sicut
1339 1219 1393 1258 de
1420 1215 1628 1272 sapientia

195 1301 373 1344 dicitur:
404 1294 608 1351 ,‚haec,‘²)
636 1293 790 1351 inquit,
818 1293 955 1345 illum,
986 1294 1058 1350 qui
1088 1293 1252 1351 primus
1283 1295 1418 1336 factus
1447 1304 1519 1343 est,
1547 1309 1626 1348 pa·-

192 1393 300 1421 trem
332 1375 505 1425 mundi,
544 1389 640 1414 cum
671 1372 785 1413 solus
817 1383 920 1414 esset
948 1384 1131 1422 creatus,
1163 1370 1411 1422 custodivit,
1451 1381 1490 1411 et
1518 1370 1627 1411 libe-

192 1456 299 1499 ravit
334 1471 431 1495 eum
469 1453 523 1493 de
560 1461 739 1507 peccato
783 1454 902 1491 suo.“
973 1449 1098 1504 Quae
1137 1461 1196 1490 est
1233 1460 1373 1491 autem
1415 1448 1520 1489 haee
1559 1464 1625 1489 sa-

191 1533 363 1592 pientia,
392 1546 500 1587 quac
530 1528 720 1584 primum
750 1526 971 1568 hominem
1003 1526 1197 1569 liberavit
1239 1528 1293 1569 de
1320 1537 1500 1582 peccato
1533 1542 1626 1574 suo,

191 1612 272 1654 nisi
304 1609 508 1657 Christus,
538 1605 612 1662 qui
644 1605 762 1661 est5)
792 1605 876 1647 Dei
907 1606 1036 1646 virtus
1077 1615 1116 1645 et
1146 1604 1231 1645 Dei
1259 1602 1495 1661 sapientia?
1553 1602 1626 1645 Sic

193 1704 293 1740 ergo
325 1687 467 1742 plures
500 1682 689 1725 Christus
728 1683 897 1724 reducit
932 1684 985 1724 ad
1026 1683 1178 1732 vitam,
1213 1698 1342 1738 quam
1372 1682 1514 1722 Adam
1546 1681 1626 1722 du-

192 1764 251 1806 xit
289 1766 342 1804 ad
382 1772 595 1802 mortem:
637 1759 737 1815 quia
778 1759 903 1800 etiam
947 1760 1088 1815 ipsum
1129 1760 1297 1810 Adam,
1335 1759 1408 1813 qui
1451 1757 1625 1799 cacteris

195 1859 319 1884 causa
353 1838 502 1881 exstitit
530 1837 701 1886 mortis,
743 1835 933 1879 Christus
974 1837 1187 1878 revocavit
1217 1838 1271 1877 ad
1299 1838 1449 1877 vitam:
1478 1846 1526 1875 ut
1554 1850 1624 1874 ve-

193 1936 288 1961 rum
320 1918 372 1959 sit
401 1917 520 1966 illud,
553 1916 672 1970 quod
711 1914 757 1955 in
795 1914 1153 1969 consequentibus
1191 1913 1338 1955 scribit
1377 1913 1626 1967 Apostolus,

194 1995 353 2053 quiafi)
386 1993 518 2045 „sicut
557 2009 636 2048 per
662 1992 786 2033 unius
829 1991 1017 2032 hominis
1049 1991 1253 2032 delictum
1282 1990 1327 2031 in
1362 1990 1625 2031 condemna-

192 2076 354 2116 tionem
387 2070 534 2114 mortis
563 2071 609 2111 in
635 2083 783 2110 omnes
812 2068 1021 2119 homines,
1052 2068 1108 2109 ita
1140 2080 1179 2109 et
1202 2084 1282 2123 per
1298 2067 1424 2109 unius
1447 2065 1624 2120 gratiam

193 2154 239 2194 in
270 2168 421 2194 omnes
449 2147 645 2190 homines
691 2147 744 2187 ad
781 2145 1125 2204 justificationem
1165 2146 1310 2188 vitae.“
1369 2145 1516 2187 Homo
1549 2160 1625 2186 au-

314 2348 358 2404 1)
390 2348 518 2388 Rom.
548 2347 599 2396 V,
629 2348 694 2391 14.

310 2419 356 2474 ²)
391 2418 477 2458 Cfr.
509 2433 600 2473 pag.
630 2418 727 2460 340.
758 2428 845 2457 not.
876 2417 915 2459 9.
948 2417 1044 2457 coll.
1075 2431 1170 2472 pag.
1201 2413 1295 2458 344.
1328 2423 1417 2454 not.
1448 2415 1486 2456 1.

310 2490 357 2545 3)
391 2490 502 2530 Alias
535 2488 594 2544 (e.
620 2504 652 2530 e.
685 2487 730 2528 in
763 2488 858 2527 edd.
888 2484 999 2540 Μ.);
1031 2485 1159 2535 „dicti
1188 2484 1308 2526 sint.“
1340 2483 1390 2525 R.

310 2560 357 2615 ⁴)
390 2560 490 2614 Sap.
522 2559 683 2599 Salem.
713 2557 768 2607 Χ,
798 2556 836 2597 1.
956 2555 1002 2610 5)
1031 2555 1050 2594 Ι
1082 2554 1182 2596 Cor.
1212 2554 1245 2604 Ῑ,
1274 2553 1341 2595 24.

311 2629 357 2685 ⁰)
391 2630 460 2670 Sic
492 2639 605 2668 recte
635 2626 739 2669 B'isc.
782 2643 902 2667 unus.
969 2625 1085 2665 Editi
1114 2641 1214 2666 vero
1250 2624 1310 2682 (v,
1343 2640 1375 2665 e.
1407 2624 1502 2665 edd.
1532 2623 1619 2675 M.)

196 2700 234 2728 et
266 2687 416 2728 caeteri
448 2686 566 2726 Mssa
595 2685 718 2740 „quia
748 2684 910 2739 primus
952 2681 1030 2738 (al.
1072 2697 1157 2737 per
1187 2684 1343 2732 unius,
1378 2682 1442 2721 ed.
1472 2680 1533 2721 M.
1565 2680 1617 2722 ΙΙ.

193 2746 348 2801 prius)
372 2742 543 2793 gratiam
576 2742 617 2782 in
652 2757 800 2781 omnes
822 2739 1016 2780 homines
1045 2737 1345 2793 justificatione
1377 2738 1522 2779 vitae.“
1552 2737 1618 2776 Al.

195 2802 265 2852 „in
298 2799 641 2855 justificationem
673 2799 800 2848 vitae;
830 2797 879 2836 al.
911 2795 1151 2853 justificatIO
1185 2807 1242 2837 est
1274 2796 1421 2846 vitae,“
1455 2793 1617 2837 omissis

196 2858 380 2899 caeteris.
413 2856 458 2894 1¹1.
493 2879 543 2885 —-—
576 2854 662 2895 Cfr.
694 2853 821 2896 Rom.
854 2853 903 2904 V,
936 2853 1000 2897 18.
