1788 3111
492 119 932 162 COMMENTAMORUM
961 117 1053 159 Lm.
1078 116 1151 159 lv.
1455 120 1540 163 307

122 233 244 288 fit,¹)
286 233 401 288 quod
443 231 729 288 relinquentes
776 229 921 271 Deum
947 225 1140 286 *patrum
1189 246 1386 280 suorum,
1436 231 1538 273 deos

125 309 330 351 Gentium
361 309 520 351 colunt.
579 307 712 362 Quod
741 323 841 348 vero
872 306 1031 349 Paulus
1057 322 1101 348 se
1122 323 1220 348 cum
1244 308 1539 363 peccatoribus

122 386 389 442 numerat,²)
428 386 499 442 qui
530 385 574 427 in
605 383 694 425 aliis
726 383 846 425 dicit:
885 383 1053 439 ‚,nos³)
1092 396 1242 425 natura
1269 385 1453 435 {Judaei‚
1500 396 1539 427 et

120 479 209 503 non
260 479 308 504 ex
352 462 561 503 Gentibus
607 466 907 517 peccatores:“
944 460 1190 501 humilitatis
1234 459 1323 517 ejus
1364 474 1423 502 est
1453 462 1535 503 vir—

118 550 195 581 tus.
253 539 448 580 Imitatur
479 538 589 579 enim
619 538 754 587 illum,
788 537 860 593 qui
876 537 921 594 4)
952 555 1076 590 „cum
1108 549 1330 593 peccatum
1353 555 1442 579 non
1476 541 1537 580 fe·—

117 614 248 666 cisset,
279 627 497 672 peccatum
528 631 607 670 pro
647 614 773 656 nobis
803 616 937 656 sactus
970 622 1074 656 est“:
1126 627 1167 656 et
1197 631 1293 656 cum
1323 616 1442 658 Deus
1473 634 1536 658 es-

117 703 198 743 set,
249 692 359 733 inter
398 692 592 733 homines
644 703 911 732 conversatus
962 703 1034 734 est.
1053 693 1097 747 5)
1161 692 1476 742 „Commendat
1492 694 1538 749 6)

118 786 216 821 ergo
248 787 367 811 suam
398 769 614 810 caritatem
645 769 763 809 Deus
782 767 827 821 ⁷)
865 768 907 808 iu
940 769 1106 811 nobis.“
1163 770 1244 811 Hic
1288 788 1536 821 „commen-

115 846 237 895 dat‚“
274 847 339 886 vel
378 846 604 886 confirmat
633 844 902 897 intelligitur,
942 846 1008 886 vel
1045 846 1272 888 amabilem
1316 847 1416 888 facit
1451 865 1532 903 pro

112 922 328 963 beneficiis
357 921 577 978 praestiti&
637 920 770 975 Quod
797 921 911 962 enim
940 921 1171 972 „Christus,
1190 923 1235 978 3)
1268 940 1364 965 cum
1395 926 1535 966 adhuc

110 1011 354 1055 peccatores
386 1015 590 1048 essemus,
629 1013 709 1054 pro
740 997 866 1040 nobis
896 1011 1091 1041 mortuus
1123 1006 1232 1050 est‚“
1262 1017 1379 1056 spem
1409 1003 1535 1044 nobis

110 1077 195 1126 dat,
227 1077 345 1132 quod
383 1076 520 1117 multo
551 1075 681 1129 magis
719 1092 798 1116 nos
837 1091 861 1116 a
898 1088 1073 1132 peccato
1115 1089 1316 1132 purgatos
1347 1090 1388 1120 et
1414 1077 1535 1136 justi-

109 1153 269 1203 ficatos,
300 1155 353 1194 ab
393 1153 478 1204 ira,
521 1170 628 1209 quae
665 1152 860 1193 imminet
894 1153 1210 1208 peccatoribus,
1249 1155 1426 1197 salvabit
1455 1173 1534 1212 per

108 1230 268 1286 ipsum:
301 1242 341 1271 et
371 1230 442 1285 qui
474 1229 633 1270 alienos
665 1241 705 1270 et
724 1228 918 1270 inimicos
948 1229 1005 1270 ita
1036 1230 1191 1280 dilexit,
1220 1243 1268 1271 ut
1294 1249 1375 1287 pro
1405 1235 1532 1276 nobis

110 1308 164 1347 ad
183 1307 227 1363 9)
261 1318 444 1346 mortem
474 1305 661 1346 Unicum
691 1323 815 1347 suum
847 1308 977 1356 daret,
1009 1308 1147 1348 multo
1178 1308 1308 1360 magis
1338 1326 1437 1350 suos
1469 1311 1530 1351 ef·

107 1385 253 1433 sectos,
285 1395 325 1424 et
355 1383 649 1424 reconciliatos
680 1383 771 1432 sibi,
803 1396 972 1425 aeterna
1003 1384 1135 1425 salute
1155 1385 1345 1427 donabit.
1406 1386 1530 1440 Quo-

106 1463 240 1502 modo
279 1472 420 1501 autem
471 1460 660 1501 Christus
700 1477 780 1515 pro
824 1460 949 1502 nobis
991 1472 1186 1502 mortuus
1231 1461 1301 1512 sit,
1343 1475 1384 1503 et
1422 1480 1531 1518 quo-

105 1539 254 1587 modo,
288 1554 381 1578 cum
416 1537 466 1578 sit
495 1538 713 1590 agnus¹⁰)
744 1537 841 1586 Dei,
872 1538 1017 1578 tulerit
1043 1549 1264 1593 peccatum
1294 1539 1458 1589 mundi,
1492 1553 1531 1582 ct

106 1613 371 1656 infirmitates
410 1626 573 1655 nostras
610 1610 941 1669 portaverit,¹¹)
973 1627 1013 1656 ct
1051 1632 1131 1670 pro
1163 1615 1287 1656 nobis
1330 1616 1529 1669 doluerit,

104 1707 230 1747 saepe
248 1690 319 1747 ¹²)
342 1707 365 1731 a
383 1691 508 1732 nohis
535 1691 579 1732 in
601 1691 692 1732 aliis
725 1690 835 1732 dicta
865 1703 962 1732 sunt
990 1691 1107 1741 locis,
1137 1692 1213 1733 ubi
1230 1690 1301 1747 13)
1331 1693 1528 1735 adhibui-

225 1871 267 1926 1)
297 1871 429 1912 Deest
473 1871 576 1921 „fit“
616 1870 659 1911 in
701 1870 820 1913 editis
852 1871 911 1928 (v,
944 1889 979 1914 c.
1007 1871 1052 1913 in
1084 1873 1181 1914 edd.
1211 1874 1310 1930 Μ),
1344 1886 1384 1916 et
1413 1877 1524 1931 apud

102 1928 342 1969 Rabanum.
401 1927 537 1969 Alias:
570 1933 698 1977 „est.“
731 1928 780 1969 R.

218 1997 265 2051 ²)
296 1998 424 2037 Rom.
455 1999 508 2047 V,
537 1998 574 2040 8.
694 1997 739 2053 3)
773 1998 910 2039 Galat.
941 1997 994 2046 II,
1026 1998 1092 2039 15.

221 2065 268 2120 4)
301 2065 387 2107 Cfr.
417 2067 458 2106 Π
491 2067 589 2108 Cor.
619 2067 671 2116 V,
698 2068 769 2109 21.
890 2065 936 2119 ⁵)
965 2066 1151 2108 Baruch.
1183 2069 1258 2117 III,
1288 2068 1355 2110 35.
1390 2069 1458 2111 37.

220 2135 265 2191 ὃ)
296 2137 424 2177 Rom.
452 2136 504 2185 V,
534 2136 573 2178 8.

220 2204 265 2260 7)
297 2204 576 2246 Desideratur
605 2206 779 2256 ‚,Deus“
810 2206 856 2247 in
887 2217 1008 2247 antea
1040 2205 1173 2248 editis.
1203 2207 1254 2248 R.
1286 2231 1338 2239 —-
1357 2207 1529 2260 Legitur

100 2262 274 2313 „Deus“
303 2262 349 2303 in
380 2262 474 2302 edd.
506 2262 567 2304 M.

217 2331 264 2387 Θ)
292 2332 420 2373 Rom.
451 2332 503 2380 V,
532 2332 683 2375 8.-—-9.

217 2400 262 2457 9)
293 2401 400 2441 Edd.
441 2401 636 2442 Merlini:
680 2402 734 2442 ad
783 2414 965 2443 mortem
1016 2403 1135 2443 daret
1172 2401 1347 2444 unicum
1387 2421 1523 2453 suum,

100 2458 236 2498 multo
267 2457 396 2510 magis
428 2457 511 2498 suis
545 2458 725 2509 effectis,
774 2470 814 2499 et
854 2458 1133 2500 reconciliatis
1166 2459 1268 2509 sibi,
1309 2471 1521 2507 aeternam

100 2514 275 2554 salutem
308 2513 495 2556 donabit.

191 2581 261 2639 ¹⁰)
293 2583 365 2624 Ev,
392 2584 547 2624 Joann.
578 2585 610 2633 I,
647 2585 714 2628 29.

192 2652 261 2707 ΙΙ)
291 2652 414 2694 Jesai.
443 2654 554 2702 LIII,
584 2654 621 2695 4.
653 2657 691 2696 5.
725 2653 821 2695 coll.
853 2654 1004 2695 Matth.
1033 2654 1149 2702 VIII,
1180 2655 1245 2698 17.

125 2776 135 2784 ι
192 2719 257 2775 ¹²)
287 2721 398 2762 Edd.
428 2722 623 2764 Merlini:
656 2739 781 2779 saepe
810 2740 833 2764 a
851 2723 976 2765 nohis
996 2723 1106 2765 dicta
1133 2735 1230 2764 sunt
1260 2721 1304 2763 in
1333 2722 1422 2765 aliis
1453 2724 1518 2764 lo-

100 2794 156 2818 cis
188 2788 263 2817 etc.

193 2844 263 2900 ¹³)
293 2845 425 2887 Verbi
465 2864 586 2888 causa
630 2847 674 2889 in
724 2861 951 2891 comment.
998 2849 1042 2890 in
1079 2850 1234 2891 Joann.
1279 2850 1404 2893 Tom.
1443 2851 1514 2891 VI.

1096 2941 1183 2982 20*
