1788 3111
479 105 922 148 COMMENTAMORUM
951 105 1043 148 Lm.
1074 104 1145 145 111.
1439 112 1521 155 189

72 233 76 242 “
108 229 248 260 tamen
277 217 333 259 ita
362 229 467 273 puto
500 219 654 260 debere
682 216 877 268 intelligi,
912 233 1002 258 non
1032 228 1079 258 ut
1108 218 1151 258 in
1179 218 1349 271 singulis
1379 221 1520 266 homi-

108 295 232 336 nibus
263 296 406 336 omnia
439 296 542 336 haec
571 294 695 335 fuisse
714 304 954 344 arguantur,
978 295 1052 334 sed
1078 293 1195 335 aliud
1222 295 1264 336 in
1292 298 1388 348 alio,
1419 313 1457 341 et
1476 299 1518 355 ¹)

108 371 225 412 aliud
265 371 310 412 in
355 372 460 420 alio,
507 371 563 412 ita
604 369 824 426 tamen,²)
867 381 915 411 ut
951 370 996 411 in
1034 370 1232 414 omnibus
1270 372 1520 430 impleretur

106 449 350 491 universitas
378 449 452 490 ista
481 448 693 490 vitiorum.

218 526 256 568 6.
287 524 537 579 „Scimus³)
571 535 725 574 autem,
754 525 958 579 quoniam
986 541 1264 583 quaecunque
1284 531 1348 571 lex
1378 532 1519 589 loqui-

106 614 196 653 tur,
228 603 311 652 his,
342 604 413 658 qui
441 602 485 643 in
515 603 605 652 lege
633 613 750 651 sunt,
780 601 983 656 loquitur,
1011 613 1058 643 ut
1089 620 1216 646 omne
1248 624 1293 648 os
1324 610 1518 651 obstrua-

105 692 196 730 tur,
235 691 274 720 et
312 678 501 721 subditus
539 679 612 720 fiat
654 679 793 721 omnis
832 680 1017 721 mundus
1054 680 1164 721 Deo.
1222 681 1455 740 Propterea
1471 687 1518 741 4)

106 775 153 798 ex
185 757 384 813 operibus
412 757 510 806 legis
536 773 627 797 non
656 754 950 813 justificabitur
979 757 1117 799 omnis
1143 776 1242 800 caro
1273 760 1318 802 in
1336 762 1380 818 ⁵)
1412 781 1517 805 con-

103 845 249 891 spectu
280 832 376 875 Dei.
432 832 516 873 Per
549 833 684 884 legem
725 833 837 874 enim
875 832 1030 885 agnitio
1047 833 1090 888 6)
1128 839 1330 890 peccati.“
1385 841 1516 882 Prae-

104 913 176 953 sati
206 927 348 953 sumus
375 909 420 950 in
451 909 753 965 principiis‚⁷)
783 911 1040 966 Apostolum
1069 912 1115 952 in
1145 912 1224 954 hac
1255 915 1429 970 epistola
1462 920 1516 960 de

101 984 294 1045 pluribus
324 987 484 1038 legibus
512 998 812 1036 tractaturum,
854 1004 1036 1043 quarum
1067 989 1259 1031 discretio
1300 1004 1339 1033 et
1370 994 1515 1036 distin„

102 1066 208 1115 ctio,
243 1064 322 1106 nisi
362 1080 439 1120 per
476 1065 571 1104 loca
604 1065 769 1116 singula
797 1065 1026 1116 habeatur,
1064 1068 1329 1110 confundere
1357 1073 1516 1126 poterit

98 1160 266 1183 sensum
296 1140 478 1192 legentis.
535 1140 665 1191 Igitur
701 1141 825 1182 etiam
861 1142 904 1183 in
934 1145 1143 1198 praesenti
1170 1145 1268 1186 loco
1302 1151 1420 1202 quod
1450 1151 1513 1191 di-

101 1221 174 1261 cit:
210 1217 450 1271 ‚‚scimus⁸)
481 1230 638 1267 autem,
668 1217 871 1272 quoniam
904 1236 1184 1276 quaecunque
1212 1223 1277 1263 lex
1310 1225 1512 1280 loquitur,

99 1297 184 1345 his,
239 1296 310 1351 qui
348 1295 394 1336 in
433 1296 523 1345 lege
559 1306 676 1344 sunt,
725 1295 969 1350 loquitur:“
1016 1296 1252 1348 diligentius
1297 1302 1512 1356 requirere

102 1375 317 1422 debemus,
348 1388 455 1427 quae
484 1372 535 1412 sit
563 1372 648 1420 leX‚
680 1388 788 1427 quae
818 1373 1017 1427 loquatur
1048 1374 1100 1413 ad
1133 1390 1216 1424 eos,
1247 1376 1319 1430 qui
1348 1379 1390 1418 in
1421 1380 1512 1430 lege

97 1462 215 1500 sunt,
246 1461 286 1490 et
311 1465 390 1504 per
419 1449 526 1498 hoc,
557 1449 675 1503 quod
705 1450 757 1489 ad
791 1465 861 1490 eos
890 1450 1092 1504 loquitur,
1128 1452 1247 1493 omni
1277 1469 1349 1494 cos
1387 1471 1511 1496 excu-

96 1528 257 1569 satione
288 1527 494 1574 denudet,
532 1540 587 1565 ne
616 1537 891 1580 peccatorum
928 1543 1103 1567 suorum
1133 1529 1294 1583 possint
1321 1531 1509 1573 invenire

95 1603 310 1661 perfugia:
340 1604 425 1643 hoc
455 1601 569 1642 enim
600 1613 668 1650 est,
699 1604 817 1656 quod
849 1602 965 1642 dicit:
995 1614 1067 1651 „ut
1096 1620 1225 1645 omne
1247 1622 1291 1648 os
1318 1609 1508 1650 obstrua-

93 1692 184 1730 tur,
219 1691 259 1721 et
285 1679 475 1720 subditus
503 1679 577 1718 fiat
605 1677 742 1719 omnis
771 1680 956 1720 mundus
985 1679 1124 1720 Deo-‘⁴
1182 1681 1316 1735 Quod
1345 1685 1378 1726 si
1408 1688 1529 1729 veli-¹

94 1774 188 1798 mus
220 1757 272 1797 de
300 1757 391 1808 lege
419 1754 552 1795 Mosis
580 1754 834 1805 intelligere,
878 1772 985 1811 quae
1014 1756 1094 1799 illis
1124 1757 1214 1798 sine
1244 1760 1377 1801 dubio
1408 1764 1506 1804 solis

92 1834 304 1889 loquitur,
344 1849 451 1888 quos
481 1848 530 1872 ex
559 1831 702 1872 matris
731 1843 852 1873 utero
887 1833 1200 1876 circumciderit
1231 1848 1270 1876 et
1301 1839 1506 1889 docuerit,

94 1912 317 1967 quomodo
360 1925 620 1964 consequens
661 1907 890 1958 videbitur,
938 1911 1057 1964 quod
1095 1927 1172 1965 per
1212 1913 1321 1954 hanc
1356 1916 1505 1967 legem,

94 2004 203 2042 quae
229 2003 359 2027 unam
397 1986 694 2026 tantummodo
734 1985 928 2027 institutis
965 1988 1049 2028 suis
1086 1989 1289 2040 contingit
1325 2004 1504 2042 gentem,

95 2079 223 2104 omne
270 2079 314 2103 os
363 2063 624 2110 obstruatur,
671 2073 710 2101 et
758 2062 895 2103 omnis
936 2078 1014 2117 per
1050 2079 1142 2104 eam
1180 2067 1365 2108 mundus
1403 2069 1500 2109 Deo

92 2151 284 2180 teneatur
314 2137 549 2180 obnoxius?
594 2138 712 2191 Quid
744 2138 857 2179 enim
889 2154 1114 2180 commune
1143 2142 1196 2181 ad
1227 2142 1337 2184 hanc
1366 2146 1501 2197 legem

209 2285 252 2339 ¹)
286 2284 550 2325 omittuntur
579 2284 623 2325 in
656 2283 772 2325 editis
803 2284 862 2339 (v.
887 2302 918 2326 e.
946 2284 990 2326 in
1022 2288 1115 2328 edd.
1140 2287 1225 2343 M.)
1257 2292 1402 2332 verba:
1433 2305 1499 2342 „et

89 2342 201 2384 aliud
235 2345 277 2382 in
309 2342 434 2382 alio-‘⁶
462 2341 512 2380 R.

205 2411 250 2465 ²)
284 2411 558 2452 Desideratur
586 2415 779 2460 ‚,tamen“
808 2409 851 2451 in
883 2411 946 2453 ed.
976 2410 1036 2450 M.
1068 2411 1120 2453 ΙΙ.

204 2481 249 2535 3)
278 2480 403 2522 Rom.
437 2480 508 2529 Ill,
542 2482 603 2524 19.
633 2482 698 2522 20.

205 2550 250 2603 4)
281 2550 350 2591 Sic
383 2551 478 2593 B'Iss.
538 2552 649 2592 Editi
678 2553 736 2607 (v.
772 2568 806 2591 c.
839 2552 932 2592 edd.
961 2551 1068 2607 M.):
1102 2554 1266 2608 „quia.“
1305 2556 1354 2596 R.

205 2619 249 2672 ⁵)
280 2621 345 2660 Al.
375 2638 546 2670 „coram
568 2623 703 2663 Deo.“
732 2621 781 2662 R.
804 2646 854 2653 —-
885 2621 998 2663 Edd.
1017 2622 1162 2664 1MerL:
1188 2642 1359 2674 „coram
1381 2628 1494 2669 illo.“

203 2686 248 2741 ὃ)
278 2688 386 2730 Edd.
416 2690 610 2731 'Merliniz
641 2691 837 2742 cognitio.

205 2755 248 2811 ⁷)
282 2756 366 2799 Cfr.
398 2758 522 2800 Tom.
555 2760 678 2816 hujus
706 2777 798 2816 pag.
827 2763 864 2804 6.
894 2761 967 2803 lin.
998 2762 1036 2804 4.
1065 2778 1177 2818 seqq.

200 2825 246 2881 Β)
276 2826 399 2868 Rom.
430 2828 503 2878 Ill,
534 2829 597 2871 19.
