1788 3111
219 129 277 173 80
561 125 783 170 Omcnms
813 139 859 170 m
887 130 964 172 ΕΡ.
995 137 1055 169 An
1087 126 1314 171 RomAnos

220 242 421 285 ultimum
452 238 566 282 diem
595 237 815 296 judicandi
845 251 1122 282 reserventur.
1173 239 1307 299 Cujus
1337 239 1397 281 rei
1426 239 1649 283 interiores

219 337 365 363 causas
386 329 549 361 certum
581 327 642 358 est
671 315 969 358 secretioribus
999 316 1206 376 mysteriis
1237 317 1417 372 contegi.
1458 319 1650 378 „Myste-

219 397 392 453 rium¹)
423 412 522 437 vero
554 393 662 446 regis
692 395 956 435 abscondere
985 395 1153 436 bonum
1174 400 1275 437 est.“
1316 395 1480 437 Tamen
1504 397 1646 452 expla-

218 474 402 518 nationis
433 472 564 527 gratia
595 471 806 521 dicemus,
845 470 888 512 in
921 484 1128 527 quantum
1158 472 1363 529 possibile
1394 484 1454 514 est
1482 473 1647 529 paginis

218 555 347 596 verba
377 550 655 593 committere.
714 548 846 591 Multi
875 561 995 600 sunt,
1027 549 1101 606 qui
1132 567 1179 592 ex
1209 552 1288 592 hac
1318 549 1401 591 vita
1431 551 1649 601 abeuntes,

217 632 285 673 vel
314 632 547 679 bonorum,
576 628 642 668 vel
672 627 887 667 malorum
917 638 1015 682 post
1044 644 1088 669 se
1120 630 1329 684 quaedam
1355 627 1517 669 semina
1546 627 1645 668 reli—

220 719 417 765 querunt,
449 723 496 748 ex
529 705 683 762 quibus
715 704 788 760 qui
818 715 1046 760 supersunt
1073 705 1281 757 homines,
1313 704 1557 747 occasiones
1580 705 1648 746 vel

217 784 385 835 salutis,
414 783 481 824 vel
512 781 764 838 perditionis
795 781 1032 838 accipiunt:
1062 781 1181 822 verbi
1211 782 1341 835 gratia
1371 783 1569 833 dixerim,
1601 793 1650 824 ut

216 874 315 905 sunt
345 876 505 910 omnes,
539 859 611 916 qui
641 876 789 917 pravas
820 872 952 902 sectas
986 871 1028 901 et
1058 859 1215 901 alienas
1246 876 1269 900 a
1289 861 1387 902 Deo
1418 861 1529 902 inter
1548 859 1647 917 phi·
1692 906 1696 907 ⁷

214 940 422 996 losophos
454 937 763 991 condiderunt3
794 938 859 979 vel
893 936 965 993 qui
988 936 1156 990 ,magica
1187 937 1422 991 sacrilegia,
1469 949 1541 979 aut
1572 937 1646 994 qui

217 1034 382 1058 errores
422 1027 636 1057 astrorum
679 1027 720 1057 et
759 1016 927 1056 decreta
969 1013 1207 1067 finxerunt3
1249 1015 1378 1071 v012)
1419 1027 1532 1057 certe
1572 1014 1645 1070 qui

216 1096 333 1151 apud
362 1110 442 1135 nos
473 1104 667 1134 auctores
707 1092 1021 1134 haereticorum
1063 1103 1103 1132 et
1131 1109 1364 1148 pravorum
1395 1092 1645 1145 dogmatum

215 1171 334 1213 libris
367 1169 489 1212 editis
522 1169 735 1223 exstitere3
764 1171 830 1212 vel
863 1169 987 1211 etiam
1022 1168 1095 1225 qui
1126 1169 1349 1211 schismata
1377 1168 1423 1210 in
1447 1168 1644 1219 ecclesiis,

216 1250 317 1305 et3)
346 1247 545 1290 scandala
582 1263 630 1289 ac
661 1247 941 1289 dissensiones
983 1247 1148 1303 operati
1188 1259 1298 1290 sunt.
1356 1246 1394 1286 E
1426 1244 1642 1286 contrario

214 1343 316 1368 vero
331 1325 377 1382 4)
409 1324 758 1381 Apostolicarum
795 1323 1015 1365 literarum
1057 1341 1187 1380 opus,
1224 1324 1529 1380 profectusque
1565 1338 1644 1378 per

214 1406 288 1445 has
319 1401 539 1444 universae
560 1400 771 1451 ecclesiae,
803 1413 844 1442 et
863 1401 1083 1443 conversio
1105 1402 1159 1443 ad
1181 1402 1328 1443 Deum
1348 1411 1474 1455 atque
1496 1415 1640 1440 emen-

215 1480 331 1523 datio
362 1479 493 1521 totius
522 1477 674 1520 mundi
707 1478 840 1535 est.⁵)
901 1477 1105 1533 Quorum
1141 1477 1336 1521 omnium
1373 1493 1522 1519 causae
1550 1493 1643 1518 non

213 1558 294 1601 nisi
325 1575 422 1600 cum
452 1555 581 1613 ipsius
610 1555 763 1598 mundi
793 1557 879 1598 fine
909 1557 1184 1598 claudentur:
1219 1568 1260 1598 et
1288 1555 1388 1597 ideo
1418 1571 1509 1596 non
1535 1566 1641 1596 esset

212 1636 374 1694 justum
404 1632 612 1693 judicium
633 1633 731 1683 Dei,
763 1634 902 1675 donec
933 1635 988 1675 de
1017 1633 1079 1675 his
1109 1632 1282 1686 singulis
1312 1633 1379 1674 vel
1407 1633 1640 1688 profectus,

213 1714 282 1754 vel
318 1712 626 1768 impedimenta
664 1712 915 1766 penderent.
975 1710 1110 1765 Quod
1143 1722 1184 1752 et
1219 1710 1448 1766 Apostolus
1479 1709 1637 1762 signifi-

213 1806 310 1832 care
329 1790 510 1838 videtur,
541 1805 639 1829 cum
661 1787 783 1829 dicit:
815 1787 1194 1844 ‚,quorumdam⁶)
1224 1787 1451 1829 hominum
1467 1798 1639 1843 peccata

212 1867 435 1910 manifesta
473 1876 593 1915 sunt,
638 1865 937 1921 praecedentia
976 1866 1031 1907 ad
1069 1863 1299 1922 judicium:
1350 1866 1639 1922 quorumdam

212 1957 354 1987 autem
387 1955 428 1985 et
456 1944 815 1998 subsequuntur.“
858 1943 957 1985 Jam
980 1958 1081 1983 vero
1115 1941 1148 1984 si
1179 1941 1306 1983 etiam
1337 1954 1451 1984 extra
1481 1959 1637 1998 corpus

209 2022 339 2081 positi
370 2021 435 2063 vel
465 2019 608 2070 sancti,
641 2019 714 2076 qui
751 2036 849 2061 cum
882 2020 1051 2062 Christo
1083 2031 1193 2070 sunt,
1223 2031 1354 2073 agunt
1383 2019 1564 2075 aliquid,
1597 2031 1637 2060 et

210 2101 411 2142 laborant
438 2115 519 2154 pro
556 2096 682 2138 nobis
714 2098 767 2138 ad
798 2097 1119 2139 similitudinem
1152 2097 1425 2151 angelorum,
1466 2096 1539 2153 qui
1568 2113 1633 2138 sa-

209 2176 308 2219 lutis
338 2188 509 2218 nostrae
538 2173 768 2217 ministeria
799 2186 1054 2232 procurant:
1098 2175 1163 2216 vel
1194 2192 1362 2217 rursum
1392 2186 1635 2232 peccatores

328 2302 371 2357 ι>
404 2302 514 2344 Toh.
547 2301 646 2351 ΧΠ,
679 2302 718 2344 7.

325 2371 372 2428 2)
401 2369 519 2413 Editi
550 2371 609 2426 (e.
643 2388 676 2412 c.
709 2373 805 2413 cdd.
836 2372 946 2428 M),
986 2373 1211 2422 Rabanus,
1251 2383 1289 2412 et
1331 2371 1436 2413 Msc.
1475 2368 1631 2423 Regius

208 2446 325 2470 num.
357 2429 480 2473 1639.
513 2427 716 2468 omittunt
745 2427 829 2469 vel.
861 2429 912 2469 R.

324 2498 373 2555 3)
404 2496 684 2538 Desideratur
712 2504 807 2548 ,‚et“
837 2497 881 2538 in
913 2499 1009 2539 cdd.
1041 2498 1101 2539 M.

326 2568 371 2624 4)
402 2569 535 2608 Deest
564 2573 719 2617 „vero“
751 2566 795 2607 in
828 2569 924 2610 edd.
955 2570 1017 2610 M.

324 2639 369 2693 ⁵)
404 2636 627 2680 Omittitur
658 2644 771 2687 „cst“
801 2638 844 2678 in
877 2638 997 2679 editis
1030 2639 1086 2693 (c.
1118 2655 1159 2679 c.-
1185 2638 1226 2678 in
1255 2636 1351 2678 cdd.
1383 2634 1484 2690 Μ),
1515 2646 1556 2676 et
1586 2634 1628 2675 in

207 2695 419 2752 plerisque
449 2695 551 2735 Mss.
586 2694 750 2735 nostris.
810 2695 1013 2736 Rabanus
1044 2696 1151 2735 hanc
1184 2711 1330 2734 vocem
1362 2691 1483 2747 ponit
1513 2703 1630 2746 post:

206 2751 590 2808 Apostolicarum
623 2750 863 2792 literarum
902 2766 1031 2808 opus,
1088 2752 1195 2793 Msc.
1228 2751 1327 2801 ch.
1359 2765 1474 2789 num.
1506 2747 1628 2792 1639.

207 2811 352 2852 totius
382 2806 540 2848 mundi
570 2803 986 2863 manifestabitur.-
1016 2822 1208 2866 quorum
1242 2818 1317 2850 etc.
1353 2807 1403 2847 R.

321 2877 370 2933 ὃ)
400 2879 417 2919 1
450 2877 560 2920 Tim.
592 2879 643 2930 v,
673 2879 739 2922 24.
