1788 3111
230 155 315 200 148
570 152 796 196 Omossms
822 163 873 196 m
899 153 979 195 Er.
1008 161 1067 194 AD
1099 122 1324 196 ROMANos

234 286 282 311 ex
311 266 487 311 Judaeis
525 278 566 310 et
594 283 642 309 ex
673 266 999 309 circumcisione
1027 265 1218 317 veniens,
1259 266 1440 323 amplius
1477 267 1666 310 habebat

231 347 310 398 his,
340 363 448 402 quos
479 345 664 388 docebat
692 361 741 386 ex
761 343 973 387 Gentibus
1004 360 1083 400 per
1114 359 1290 385 omnem
1319 346 1513 386 modum.
1560 344 1667 387 Cre-

233 426 320 467 dita
350 440 538 480 namque
566 435 665 465 sunt
685 421 728 478 1)
769 421 819 463 iis
851 422 1022 477 eloquia
1051 421 1147 463 Dei.
1209 420 1296 462 Sed
1328 433 1367 462 et
1393 421 1479 463 hoc
1507 421 1664 478 ipsum,

234 502 356 557 quod
387 501 508 542 dicit:
543 500 668 555 „quia
685 498 731 555 ²)
774 499 934 540 credita
962 510 1060 540 sunt
1091 499 1172 540 illis
1204 499 1375 553 eloquia
1403 498 1528 549 Dei,“
1559 516 1665 541 con-

235 579 514 620 siderandum
547 588 618 627 est,
650 577 747 632 quia
779 593 870 617 non
903 575 1051 617 dixerit
1081 576 1221 618 literas
1252 592 1339 617 esse
1368 575 1560 625 creditas,
1590 576 1665 616 sed

234 655 434 712 „eloquia
465 654 589 697 Dei.“
653 653 783 695 Unde
821 655 884 695 via
913 652 1040 695 nobis
1073 655 1196 695 datur
1225 651 1511 704 intelligendi,
1548 652 1667 708 quod

237 734 323 783 his,
365 731 438 788 qui
477 733 622 784 legunt
661 743 701 772 et
730 748 823 772 non
862 730 1123 782 intelligunt,
1165 742 1205 772 et
1229 731 1302 787 qui
1333 732 1478 781 legunt
1508 741 1548 770 et
1575 746 1668 770 non

238 813 442 860 credunt,
471 809 593 850 litera
622 809 714 849 sola
744 807 796 849 sit
828 807 999 859 credita,
1031 809 1117 859 illa,
1153 809 1206 850 de
1238 824 1322 864 qua
1351 807 1453 848 dicit
1480 808 1669 862 Aposto-

238 891 323 938 lus,
354 882 454 944 qui'a
495 885 709 939 „litera³)
744 885 960 927 occidit“:
993 885 1163 940 elquIa
1194 897 1335 926 autem
1366 885 1450 926 Dei
1478 884 1559 925 illis
1588 884 1672 926 sint

241 965 423 1015 credita,
468 963 541 1020 qui
577 961 879 1014 intelligentes,
921 973 962 1003 et
1003 963 1219 1004 credentes
1259 962 1346 1012 his,
1388 979 1496 1018 quae
1527 962 1670 1003 Moses

238 1041 426 1098 scripsit,
474 1041 658 1082 credunt
706 1050 746 1080 et
791 1039 986 1088 Christo,
1036 1039 1143 1081 sicut
1200 1051 1238 1080 et
1282 1034 1499 1081 Dominus
1548 1038 1670 1080 dicit:

239 1121 387 1175 „quod
403 1118 449 1174 ⁴²)
479 1117 512 1161 si
543 1115 821 1159 credidissetis
853 1128 892 1157 et
922 1116 1003 1171 ipsi
1032 1116 1161 1166 Mosi,
1200 1117 1423 1158 crederetis
1453 1116 1599 1172 utique
1632 1128 1671 1158 et

239 1196 368 1237 mihi:
420 1197 474 1237 de
511 1210 582 1235 me
622 1194 736 1235 enim
783 1193 855 1234 ille
892 1192 1098 1247 scripsit.“
1167 1192 1317 1245 Sed5)
1362 1205 1477 1243 esto,
1514 1195 1671 1235 habeat

238 1260 424 1328 &amplius
450 1273 639 1314 Judaeus
677 1270 724 1311 in
762 1268 915 1319 literis,
955 1269 1111 1310 habeat
1148 1270 1311 1326 aliquid
1350 1282 1390 1311 et
1416 1270 1462 1311 in
1492 1271 1671 1326 eloquiis

240 1349 348 1390 Dei:
377 1347 593 1403 numquid
620 1346 791 1403 penitus
823 1345 1021 1402 relicti⁶>
1049 1358 1146 1389 sunt
1174 1347 1238 1398 hi,
1277 1349 1352 1403 qui
1381 1364 1428 1389 ex
1461 1346 1671 1390 Gentibus

240 1426 417 1467 veniunt
448 1427 501 1466 ad
525 1422 774 1467 Christum?
805 1441 858 1465 an
890 1435 930 1464 et
959 1423 1058 1480 ipsis
1091 1438 1161 1475 est,
1190 1425 1266 1467 ubi
1295 1425 1483 1466 habeant
1513 1425 1673 1481 aliquid

244 1501 455 1560 amplius?
510 1501 628 1544 Audi
658 1501 903 1543 Dominum
945 1501 1158 1558 dicentem
1198 1504 1253 1544 ad
1297 1502 1593 1544 centurionem
1625 1519 1672 1544 ex

247 1580 457 1622 Gentibus
490 1581 758 1621 credentem:
791 1581 958 1630 „Amen
980 1578 1024 1636 ⁷)
1058 1579 1154 1622 dico
1187 1580 1331 1630 vobis,
1360 1597 1440 1622 nec
1470 1580 1515 1621 in
1545 1580 1673 1622 Israel

243 1670 403 1700 tantam
435 1658 564 1698 fidem
596 1656 779 1698 inveni.“
837 1656 948 1698 Vide
978 1672 1102 1708 ergo,
1143 1658 1220 1698 ubi
1246 1657 1413 1698 venitur
1443 1659 1496 1698 ad
1527 1658 1672 1707 fidem,

248 1733 519 1791 quantum⁸)
558 1734 739 1788 amplius
779 1733 966 1774 habeant
998 1733 1177 1783 Gentes,
1218 1734 1463 1794 dequibus
1500 1735 1546 1776 in
1587 1735 1671 1776 alio

245 1814 346 1855 loco
381 1811 598 1852 Dominus
629 1810 750 1852 dicit:
790 1810 985 1866 „quia⁹)
1021 1809 1190 1851 venient
1220 1811 1273 1852 ab
1306 1810 1484 1853 Oriente
1515 1824 1554 1853 et
1585 1811 1673 1854 Oc-

248 1891 437 1939 cidente,
479 1899 518 1928 et
558 1904 581 1928 a
626 1899 813 1943 quatuor
841 1888 973 1930 ventis
1002 1900 1160 1938 terrae,
1203 1900 1241 1929 et
1279 1889 1532 1929 recumbent
1574 1904 1672 1929 cum

246 1967 478 2015 Abraham,
509 1963 639 2019 et¹⁰)
669 1964 797 2014 Isaac,
829 1977 867 2006 et
888 1965 1028 2007 Jacob
1057 1965 1103 2007 in
1133 1982 1265 2018 regno
1287 1965 1393 2006 Dei:
1423 1964 1500 2007 filii
1531 1977 1673 2007 autem

246 2044 365 2097 regni
396 2042 619 2101 ejicientur
646 2042 692 2082 in
722 2043 917 2084 tenebras
950 2042 1214 2085 exteriores.“
1262 2042 1351 2083 Ubi
1370 2057 1468 2094 ergo
1491 2043 1544 2082 ad
1564 2043 1673 2093 leges

247 2121 415 2164 venitur
447 2131 486 2161 et
515 2120 669 2169 literas,
698 2119 859 2162 habent
876 2119 1032 2162 Judaei
1055 2119 1237 2176 amplius
1268 2117 1566 2175 ,‚multum¹¹)
1596 2134 1676 2174 per

369 2282 413 2337 1)
441 2282 553 2323 Edd.
583 2281 779 2323 Merlini:
810 2280 857 2323 iis
887 2292 995 2323 sunt.
1115 2280 1162 2337 2)
1191 2279 1318 2323 Rom.
1349 2280 1422 2331 III,
1450 2281 1490 2322 2.

365 2353 413 2409 3)
443 2352 483 2393 II
515 2352 616 2395 Cor.
647 2352 720 2403 III,
749 2353 788 2396 6.
909 2350 956 2406 4)
985 2352 1062 2392 Ev.
1092 2351 1249 2392 Joann.
1281 2351 1334 2400 V,
1361 2351 1429 2392 46.

369 2422 414 2477 ι”)
444 2422 580 2463 Alias:
622 2423 742 2472 „Sed
771 2422 849 2464 isto
881 2424 1016 2464 modo
1048 2423 1235 2463 l1abeat“
1269 2432 1344 2461 etc.
1401 2419 1517 2461 Editi
1547 2420 1604 2474 (c.
1637 2436 1671 2460 c.

252 2481 315 2522 ed.
332 2479 393 2520 M.
412 2479 491 2534 Ι.);
522 2478 637 2528 „Sed
661 2479 773 2520 istud
804 2480 983 2521 habe-‘w‘
1015 2490 1092 2520 etc.
1122 2479 1173 2520 R.
1204 2501 1257 2509 —-
1289 2477 1370 2518 Ed,
1391 2475 1450 2516 M.
1470 2476 1529 2517 II:
1560 2475 1672 2528 „Sed

250 2537 282 2577 si
315 2536 424 2578 istud
453 2536 631 2576 habeat“
663 2546 738 2576 cte.

370 2605 416 2660 ⁶)
446 2605 559 2646 Edd.
590 2603 787 2646 Merlini:
817 2604 1118 2660 relinquuntur
1146 2603 1196 2654 ii,
1228 2601 1301 2658 qui
1336 2613 1410 2644 cte.

369 2675 414 2731 7)
447 2675 597 2718 Matth.
626 2675 741 2725 VIII,
772 2677 840 2719 10.
1153 2729 1155 2731 ¹

369 2746 416 2801 8)
447 2746 526 2788 Ed.
558 2745 619 2787 M.
650 2745 710 2786 II:
744 2758 905 2802 quanto
936 2743 1129 2800 amplius.

370 2816 416 2869 9)
446 2816 598 2857 Matth.
628 2815 742 2867 VIII,
769 2816 836 2858 11.
867 2817 933 2860 12.
965 2816 1062 2858 coll.
1095 2815 1197 2858 Luc.
1226 2814 1350 2866 XIII,
1378 2815 1446 2858 28.
1475 2814 1542 2858 29.

346 2886 416 2942 ¹⁰)
448 2886 577 2929 Deest
604 2891 694 2938 „et“
724 2885 770 2929 in
800 2887 894 2929 edd.
924 2886 987 2927 M.
1110 2885 1182 2942 ¹¹)
1213 2888 1338 2929 Rom.
1369 2885 1443 2937 111,
1472 2886 1512 2928 2.
