1788 3111
236 92 291 137 78
574 92 797 136 Omenms
833 106 880 135 m
911 94 988 140 ΕΡ.
1017 108 1078 137 An
1110 96 1334 140 Rommos

235 208 359 250 dicit:
389 207 694 258 „revereamini
712 207 754 265 ¹)
785 225 808 249 a
829 209 936 251 facie
959 208 1141 250 Domini
1161 209 1258 260 Dei,
1290 210 1493 266 quoniam
1523 228 1661 269 prope

234 298 296 328 est
327 286 414 328 dies
445 286 640 338 Domini,
672 298 713 328 et
742 286 1007 344 praeparavit
1037 287 1254 329 Dominus
1285 287 1496 330 victimam
1525 306 1660 340 suam,

233 364 507 409 sanctificavit
538 376 710 406 vocatos
739 371 888 407 suos,“
945 365 1003 406 Et
1031 377 1130 421 post
1158 382 1313 422 pauca:
1344 366 1569 422 „prope²)
1601 378 1662 408 est

234 446 323 487 dies
354 442 535 485 Domini
564 459 765 496 magnus,
797 459 936 498 prope
967 454 1050 494 est,
1091 442 1190 499 et3)
1222 443 1342 485 velox
1372 444 1508 486 valde.
1564 444 1660 484 Vox

233 523 319 567 dici
349 521 530 565 Domini
568 537 733 571 amara,
776 531 816 560 et
847 521 953 560 dura
983 520 1120 576 posita
1152 533 1236 572 est,
1276 533 1317 563 et
1346 521 1496 562 valida.
1556 521 1660 562 Dies

232 602 333 652 irae,
365 601 453 642 dies
484 600 570 649 ille,
601 597 689 639 (lies
720 596 934 650 angustiae
966 609 1006 638 et
1031 598 1301 650 necessitatis,
1334 597 1422 638 dies
1453 596 1658 638 acerbita-

233 680 284 721 tis
316 691 357 720 et
384 675 649 734 perditionis,
680 675 770 716 dies
800 675 1075 715 tenebrarum
1108 687 1148 716 et
1178 675 1382 729 caliginis,
1415 675 1503 716 dies
1533 673 1659 715 nubis

233 769 275 799 et
304 756 500 804 nebulae,
534 754 622 795 dies
652 754 782 794 tubae
812 764 853 794 et
883 752 1092 805 clangoris
1111 770 1238 809 super
1258 753 1441 795 civitates
1461 751 1659 801 munitas,

232 845 275 875 et
304 849 432 889 super
460 847 608 873 muros
640 832 837 875 excelsos,
894 832 952 872 Et
981 829 1165 871 afficiam
1195 830 1402 881 homines,
1435 842 1476 871 et
1505 831 1657 871 ambu-

231 912 385 952 labunt
431 909 539 950 sicut
587 907 723 959 caeci,
772 907 977 964 quoniam
1024 906 1219 949 Domino
1266 919 1567 964 peccaverunt:
1621 919 1662 948 et

231 989 455 1030 effundam
494 985 742 1039 sanguinem
790 1002 940 1026 eorum
985 971 1094 1026 sicut
1136 986 1377 1042 pulverem,
1428 996 1468 1026 et
1513 1001 1658 1026 carnes

231 1083 384 1109 eorum
414 1064 523 1106 sicut
536 1062 582 1119 4)
613 1075 813 1105 stercora.
860 1065 1028 1104 Aurum
1058 1079 1230 1113 eorum,
1261 1075 1302 1105 et
1331 1074 1553 1116 argentum
1584 1078 1658 1103 eo-

230 1161 328 1186 rum
366 1158 456 1183 non
495 1139 655 1196 poterit
692 1141 876 1182 liberare
915 1157 987 1184 eos
1023 1141 1069 1182 in
1109 1142 1177 1183 die
1216 1141 1304 1183 irae
1343 1140 1536 1182 Domini.
1604 1140 1655 1180 In

229 1224 326 1276 igne
343 1218 640 1263 aemulationis
661 1217 750 1276 ejus
769 1219 813 1274 5)
838 1232 1115 1261 consumetur
1139 1220 1277 1261 omnis
1296 1231 1420 1269 terra,
1452 1217 1658 1274 quoniam

228 1297 645 1342 consummationem
677 1308 718 1338 et
747 1296 1062 1338 festinationem
1086 1297 1212 1339 saciet
1240 1314 1368 1352 super
1391 1312 1551 1347 omnes,
1584 1294 1657 1350 qui

227 1377 421 1418 habitant
474 1387 645 1416 terram.
659 1380 683 1398 “
756 1374 902 1415 Esaias
958 1391 1133 1430 quoque
1184 1373 1377 1416 similiter
1423 1385 1656 1415 memorat:

228 1471 354 1507 „ecce
372 1453 418 1510 5)
460 1452 574 1495 enim
615 1451 704 1493 dies
735 1451 918 1493 Domini
955 1451 1097 1492 veniet
1135 1450 1574 1493 insanabiliffisuroris
1615 1462 1654 1492 et

225 1533 326 1584 irae,
355 1547 520 1589 ponere
551 1531 703 1572 orbem
733 1541 870 1570 terrae
893 1530 1121 1580 desertum,
1153 1542 1194 1571 et
1212 1540 1456 1586 peccatores
1475 1529 1656 1585 perdere

226 1628 275 1653 ex
306 1615 399 1652 e0.“
454 1610 512 1650 Et
540 1619 640 1664 post
668 1624 824 1663 pauca:
864 1607 1124 1663 „eoelum7)
1167 1607 1280 1648 enim
1318 1609 1466 1648 furore
1501 1621 1650 1647 accen—

226 1690 374 1737 detur,
420 1699 461 1728 et
498 1699 610 1727 terra
651 1684 896 1726 movebitur
934 1701 957 1724 a
998 1684 1287 1735 fundamentis
1326 1683 1431 1734 suis,
1477 1694 1654 1738 propter

221 1767 416 1806 furorem
446 1764 534 1805 irae
564 1762 746 1803 Domini
778 1761 990 1811 Sabaoth,
1030 1760 1074 1801 in
1107 1760 1197 1811 die,
1242 1777 1328 1817 quo
1360 1760 1651 1817 supervenerit

221 1845 346 1884 furor
384 1840 525 1899 ejus.“
583 1839 660 1891 His
698 1851 763 1881 tot
801 1851 841 1880 et
881 1839 1034 1880 talibus
1074 1840 1127 1879 de
1166 1838 1235 1880 die
1275 1838 1363 1879 irae
1398 1837 1649 1880 testimoniis

223 1919 506 1974 congregatis,
550 1928 656 1974 puto
699 1918 818 1972 quod
859 1917 970 1957 ultra
1007 1916 1128 1958 locus
1167 1916 1234 1958 hie
1267 1915 1531 1972 expositione
1560 1933 1650 1956 non

222 1997 351 2050 egeat.
410 1995 642 2037 Evidenter
672 1994 784 2036 enim
824 1994 868 2035 in
899 1993 962 2035 his
995 1993 1194 2037 omnihus
1224 1995 1313 2036 dies
1331 1994 1376 2050 8)
1407 1994 1516 2043 irae,
1557 1993 1648 2034 vin-

220 2075 357 2116 dictae
398 2073 485 2115 dies
517 2085 557 2114 ct
598 2071 744 2129 judicii
775 2071 1028 2126 designatur.
1090 2073 1196 2113 Inde
1231 2071 1417 2128 denique
1448 2073 1501 2113 ad
1533 2071 1645 2113 diem

342 2201 384 2257 ¹)
416 2202 478 2241 lta
509 2200 738 2253 legendum
767 2199 935 2240 videtur
966 2198 1079 2256 juxta
1111 2198 1356 2255 Scripturae
1393 2198 1647 2255 exemplaria

219 2259 397 2307 Graeca,
430 2273 538 2313 quae
559 2256 700 2297 omnia
720 2258 883 2297 ferunt:
917 2255 1198 2311 εὐλαβεῖσθε.
1233 2257 1319 2298 Sed
1339 2268 1479 2296 tamen
1499 2272 1646 2297 omnes

216 2316 317 2356 lVIss.
338 2314 486 2364 nostri,
518 2325 558 2354 et
579 2313 679 2353 editi
701 2315 759 2370 (e.
783 2330 814 2354 c.
838 2314 932 2354 edd.
956 2313 1045 2367 M>
1065 2314 1242 2355 habent:
1268 2314 1566 2353 revertimini.
1595 2313 1645 2352 R.

331 2383 378 2438 2)
411 2384 543 2438 Zeph.
577 2383 609 2432 I,
640 2383 836 2427 14—18.

331 2454 378 2507 3)
411 2453 481 2495 Sic
514 2469 660 2493 omncs
699 2453 799 2494 Mss.
860 2453 975 2495 Editi
1008 2470 1108 2494 vero
1141 2454 1199 2507 (e.
1233 2470 1264 2492 e.
1298 2453 1392 2493 cdd.
1424 2453 1530 2506 Μ.);
1570 2466 1640 2501 „ct

212 2511 333 2553 velox
363 2509 529 2551 nimisf‘
566 2510 614 2550 R.

329 2579 375 2636 4)
405 2580 485 2621 Ed.
516 2579 672 2620 Ruaei:
707 2591 754 2619 ut
784 2591 981 2621 stercora.

331 2651 374 2706 ⁵)
405 2651 537 2691 Deest
568 2649 710 2705 „ejus“
742 2649 783 2689 in
816 2650 911 2690 edd.
944 2651 1004 2692 M.
1158 2670 1161 2673 ·

328 2719 375 2776 6>
403 2706 530 2762 ‘ses-21.
563 2722 682 2770 xul,
712 2720 750 2763 9.
826 2714 832 2724 “
868 2719 913 2775 ⁷)
944 2720 1052 2761 lbid.
1083 2720 1203 2768 xm,
1236 2721 1299 2762 13.

325 2791 372 2847 8)
404 2791 475 2833 Sic
506 2792 606 2833 Mss.
640 2789 854 2845 plerique,
889 2801 929 2830 et
958 2790 1172 2831 Rabanus.
1231 2788 1348 2830 Edili
1380 2806 1479 2829 vcro
1511 2793 1569 2845 (e.
1603 2808 1636 2830 ‹·.

211 2848 275 2889 ed.
307 2848 368 2889 M.
402 2848 502 2902 ll),
544 2859 583 2888 et
618 2847 723 2888 Msc.
758 2865 866 2889 unus
897 2847 999 2901 Reg.
1030 2864 1145 2888 num.
1181 2847 1299 2890 1611.
1334 2846 1448 2897 „dies
1481 2846 1565 2887 irae
1599 2859 1634 2885 ct
