1788 3111
528 126 970 169 Commnnnmonnm
998 126 1090 167 LIB.
1119 128 1146 170 Ι.
1490 128 1547 173 55

131 239 271 282 cordis
301 239 403 281 haec
437 251 566 289 erant,
595 251 643 280 ut
671 239 942 281 immunditia
972 251 1012 281 et
1041 239 1308 282 contumeliis
1330 241 1548 283 afficerent

130 333 313 372 corpora
343 334 416 358 sua
446 318 489 359 in
519 328 648 359 semet
676 316 796 372 ipsis,
843 327 882 357 et
920 316 1035 372 quali
1071 314 1234 372 judicio
1267 332 1362 369 erga
1394 317 1545 360 divini-

126 394 218 434 tatis
257 394 321 435 usi
358 406 456 435 sunt
492 394 829 443 venerationem,
858 393 900 449 ¹)
949 395 1052 435 dum
1089 393 1173 436 Dei
1209 393 1544 450 incorruptibilis

127 471 305 522 gloriam
346 473 399 513 ad
442 472 589 512 foedas
631 483 670 511 et
711 471 904 521 indignas
944 471 1165 511 deducunt
1211 470 1436 512 hominum
1478 473 1544 512 vel

128 548 375 589 animalium
413 549 591 597 formas,
639 548 712 588 tali
751 546 875 588 etiam
918 562 1011 598 erga
1050 558 1182 588 semet
1219 548 1333 603 ipsos
1371 560 1545 590 utantur

126 624 231 673 vice,
263 636 310 665 ut
341 624 611 666 rationabiles
641 624 837 665 homines
867 623 1006 664 vivant
1035 640 1158 664 more
1186 624 1543 667 irrationabilium

125 701 365 741 belluarum
408 718 481 742 —:
519 712 662 742 tamen
678 700 724 756 ²)
765 700 1027 756 requiramus
1071 701 1123 741 ab
1162 701 1245 752 his,
1288 702 1361 758 qui
1397 702 1543 743 Deum

125 777 290 818 bonum
321 790 476 829 negant
505 779 630 819 etiam
663 776 821 835 justum
853 793 938 818 esse
972 775 1182 832 judicem,
1222 779 1325 835 quid
1364 794 1545 837 respon-

126 854 252 894 deant
283 856 336 895 de
372 854 457 903 his,
501 871 609 910 quae
639 855 739 896 dicit
768 855 1021 910 Apostolus,
1064 857 1183 910 quod
1223 856 1433 905 „tradidit
1471 872 1544 897 eos

123 930 242 972 Deus
270 931 378 987 in3)
411 931 625 972 desideriis
658 931 798 973 cordis
830 930 1041 986 θοι-111114)
1070 932 1114 973 in
1138 931 1469 981 immunditiam,
1498 943 1546 973 ut

126 1007 394 1049 contumeliis
427 1008 613 1049 afficiant
643 1025 827 1063 corpora
856 1014 970 1050 sua.“
1014 1008 1241 1050 Videbitur
1261 1009 1437 1049 enimin
1460 1009 1546 1049 hoc

123 1101 215 1125 non
243 1086 384 1126 solum
414 1084 609 1140 ipsorum
634 1085 757 1134 ratio,
788 1101 897 1140 quae
926 1087 1092 1141 penitus
1124 1084 1373 1134 excluditur,
1403 1086 1476 1126 sed
1507 1095 1546 1124 et

123 1174 269 1203 nostra
301 1162 522 1218 responsio
560 1162 777 1203 coarctari.
839 1163 1079 1217 Quomodo
1118 1162 1229 1203 enim
1270 1160 1427 1220 justum
1470 1162 1547 1203 erit

127 1254 246 1287 eum,
277 1238 351 1294 qui
378 1239 581 1289 traditur,
615 1239 803 1294 quamvis
833 1256 913 1295 pro
945 1239 1125 1294 peccatis
1153 1241 1363 1288 tradatur,
1401 1251 1545 1280 tamen

126 1317 180 1356 ad
212 1315 575 1370 concupiscentias
604 1317 726 1365 tradi,
758 1328 797 1356 et
827 1317 880 1356 ad
914 1316 1000 1356 hoc
1030 1317 1162 1365 tradi,
1192 1327 1240 1356 ut
1267 1314 1546 1356 immunditiis

127 1402 168 1432 et
197 1392 549 1447 concupiscentiis
581 1393 736 1433 afficiat
767 1409 921 1446 corpus
950 1391 1104 1433 suum}>
1144 1391 1265 1433 Sicut
1295 1391 1408 1432 enim
1433 1391 1548 1440 huic,

127 1467 221 1523 qui,
254 1467 370 1508 verbi
402 1485 544 1517 causa,
583 1470 768 1509 tenebris
797 1467 979 1509 traditur
1010 1469 1063 1508 ad
1093 1484 1302 1523 poenam,
1343 1465 1548 1523 imputari

124 1562 217 1585 non
246 1556 400 1600 potest,
431 1547 549 1600 quod
578 1545 623 1586 in
648 1546 830 1586 obscuro
856 1544 929 1595 sit;
959 1557 998 1584 et
1028 1544 1100 1600 qui
1118 1544 1205 1595 igni
1233 1544 1427 1592 traditur,
1458 1544 1547 1584 cul-

126 1622 221 1677 pari
251 1639 331 1678 pro
364 1622 448 1662 hoc
479 1622 572 1676 ipso
602 1639 692 1662 non
724 1633 881 1677 potest,
913 1638 988 1662 cur
1017 1633 1183 1662 uratur:
1214 1620 1271 1661 ita
1301 1619 1444 1674 his,⁵)
1475 1619 1548 1674 qui

127 1698 341 1741 desideriis
373 1709 412 1738 et
440 1697 717 1740 immunditiis
739 1700 978 1747 traduntur,
1012 1709 1059 1738 ut
1078 1696 1346 1738 contumeliis
1364 1695 1550 1737 afficiant

129 1792 311 1831 corpora
343 1792 439 1824 sua,
473 1792 564 1816 non
600 1775 725 1826 digne
755 1775 966 1816 videbitur
992 1774 1218 1830 imputari,
1247 1773 1281 1816 si
1310 1773 1355 1815 in
1386 1773 1549 1814 deside-

127 1853 196 1895 riis
228 1865 268 1894 et
296 1850 578 1894 immunditiis
607 1852 747 1908 positi,
783 1868 968 1908 corpora
998 1868 1074 1892 sua
1105 1850 1372 1892 contumeliis
1401 1865 1549 1891 macu-

128 1932 226 1972 lent.
284 1928 485 1970 Marcion
520 1944 642 1980 ergo,
678 1940 718 1969 et
749 1945 915 1979 omnes,
955 1928 1028 1984 qui
1059 1930 1114 1970 de
1141 1928 1289 1969 schola
1319 1926 1406 1982 ejus
1436 1928 1550 1967 velut

127 2007 386 2063 serpentium
413 2005 601 2057 germina
618 2004 664 2060 ⁵)
694 2007 973 2061 pullularunt,
1004 2005 1162 2045 horum
1188 2003 1466 2046 absolutionis
1493 2019 1550 2044 ne

130 2096 314 2125 extremo
357 2083 531 2138 quidem
572 2081 702 2133 digito
744 2082 946 2133 attingere
987 2083 1227 2123 audebunt:
1273 2080 1435 2137 quippe
1476 2079 1549 2135 qui

127 2172 307 2218 propter
334 2158 631 2216 hujuscemodi
662 2158 926 2212 quaestiones
945 2158 1072 2199 Vetus
1093 2157 1438 2206 Instrumentum,
1468 2155 1548 2197 sic-

129 2237 206 2278 ubi
242 2239 354 2278 forte
391 2235 435 2276 in
475 2251 526 2275 eo
566 2235 649 2274 tale
686 2234 847 2289 aliquid
883 2236 1093 2285 legerant,
1137 2231 1394 2290 abjecerunt.
1463 2232 1549 2273 Sed

253 2425 294 2480 ¹)
324 2425 422 2465 Mss.
453 2423 832 2473 „venerationem.“
889 2423 1004 2465 Editi
1033 2424 1092 2479 (e.
1125 2440 1158 2464 c.
1191 2423 1286 2464 edd.
1316 2421 1424 2476 M.):
1457 2439 1549 2471 „ra-

132 2483 334 2525 tionem.“
364 2480 491 2522 Male.
528 2480 579 2522 R.

247 2551 292 2607 ²)
322 2551 434 2591 Edd.
458 2549 653 2591 Merlini:
683 2551 935 2591 belluarum.
993 2549 1273 2604 Requiramus
1302 2559 1442 2589 tamen
1475 2559 1550 2588 etc.

249 2621 297 2677 ³)
326 2621 438 2662 Edd.
467 2619 660 2685 Blrerlini:
691 2621 736 2661 in
768 2619 972 2661 desideria
1005 2617 1145 2659 cordis
1176 2634 1338 2658 eorum.

250 2690 296 2746 4)
326 2691 458 2731 Deest
486 2691 527 2731 h.
550 2691 590 2739 l.,
621 2691 694 2731 cfr.
713 2706 754 2745 p.
777 2689 844 2731 54.
866 2700 954 2730 not.
973 2691 1025 2738 5.,
1055 2703 1211 2729 eorum
1239 2686 1285 2727 in
1310 2688 1374 2728 ed.
1404 2683 1551 2727 Ruaei.

253 2758 299 2815 ⁵)
328 2760 409 2801 Ed.
438 2759 500 2800 M.
531 2759 592 2800 II:
621 2759 681 2802 iis.

252 2828 299 2884 6)
331 2830 446 2872 Alias
475 2828 534 2885 (v.
552 2847 585 2870 c.
610 2829 652 2870 in
674 2830 770 2872 edd.
790 2827 899 2884 M.:)
929 2826 1207 2880 „genimina.“
1238 2825 1290 2866 R.
