1788 3111
177 112 234 155 88
517 109 740 153 Offlelzms
769 124 816 153 m
845 110 923 152 Er.
954 123 1014 153 An
1046 111 1271 154 ROMANOS

181 234 259 271 tes,
299 222 443 264 vertici
474 223 562 280 ejus
591 224 893 280 imposuerunt
920 225 1112 281 spineam
1159 241 1380 266 coronam.
1441 225 1548 280 Quis
1567 226 1608 280 ι)

180 311 321 340 autem
353 299 497 342 honor
527 313 605 352 est,
649 303 722 358 qui
763 303 826 344 his
859 303 1060 344 omnibus
1090 302 1313 344 virtutibus
1347 303 1400 342 ab
1432 303 1610 344 homine

183 378 376 427 debetur,
406 379 452 419 in
480 378 721 431 Evangeliis
754 381 1001 430 edocemur,
1031 379 1198 421 dicente
1228 379 1449 421 Domino:
1477 380 1611 435 „ut²)

183 471 331 496 omnes
377 456 669 498 honorificent
705 457 892 506 Filium,
938 456 1046 497 sicut
1093 456 1386 498 honorificant
1429 457 1611 499 Patrem.

182 531 456 574 Honorificat
487 549 586 585 ergo
612 534 781 575 Patrem
815 546 853 575 ct
885 532 1058 582 Filium,
1087 533 1160 589 qui
1192 533 1406 574 honorem
1437 533 1612 585 dignum

185 620 224 649 et
252 609 439 650 studium
474 612 611 653 desert
642 611 873 667 sapientiae
907 622 945 651 et
976 609 1157 667 justitiae
1188 623 1227 651 et
1256 610 1439 659 veritati,
1474 610 1615 651 omni-

184 686 349 742 busque
392 687 478 737 his,
525 705 634 743 quae
675 706 761 730 esse
801 689 1003 729 dicuntur
1042 687 1308 742 Christus.3)
1375 687 1472 729 Hoc
1516 702 1614 739 ergo

184 766 318 804 modo
360 776 572 820 quaerunt
609 766 786 816 gloriam
829 777 867 806 et
907 766 1121 806 honorem
1154 777 1193 805 et
1229 764 1617 821 incorruptionem,

184 840 258 896 qui
287 842 484 884 festinant
515 844 568 883 ad
600 854 816 884 aeternam
843 842 981 883 vitam.
1027 832 1121 884 Sed*
1145 855 1183 883 et
1211 842 1482 898 incorruptio
1513 841 1616 897 quid

184 917 356 968 indicet,
391 919 475 960 cito
504 919 705 968 sciemus,
740 919 773 961 si
805 922 923 975 quod
956 921 992 961 ei
1025 919 1288 961 contrarium
1323 930 1382 961 est
1418 917 1618 959 discutia-

185 1011 292 1037 mus.
351 996 625 1052 Incorruptio
659 997 916 1038 contrariam
948 999 1077 1039 habet
1109 996 1445 1053 corruptionem.
1508 995 1617 1037 Cor-

186 1073 332 1129 ruptio
383 1075 554 1115 duobus
602 1074 742 1116 modis
792 1075 985 1115 accidere
1032 1073 1204 1115 dicitur:
1253 1074 1536 1129 corporaliter
1580 1085 1620 1115 et

187 1151 473 1207 spiritualiter.
515 1151 814 1207 Corporaliter
839 1151 1003 1200 accidit,
1037 1168 1135 1192 cum
1153 1151 1339 1192 evenerit
1356 1151 1477 1202 illud,
1499 1153 1619 1206 quod

187 1228 395 1285 scriptum
429 1242 506 1271 est:
550 1228 679 1284 „si4)
721 1230 812 1284 quis
843 1229 1052 1284 templum
1090 1228 1176 1269 Dei
1218 1228 1481 1283 corruperit,
1524 1245 1620 1269 cor-

190 1318 360 1362 rumpet
390 1307 511 1347 illum
535 1306 712 1348 Deus:“
742 1306 1015 1362 spiritualiter
1046 1306 1221 1361 vcro,⁵)
1254 1322 1350 1346 cum
1382 1305 1489 1346 illud
1510 1305 1622 1346 acci-

190 1383 311 1432 derit,
341 1386 460 1439 quod
487 1384 769 1425 nihilominus
790 1384 1023 1439 Apostolus
1044 1383 1168 1424 dicit:
1198 1399 1374 1433 „vereor
1390 1382 1435 1436 6)
1467 1394 1622 1432 autem,

188 1477 257 1512 ne,
286 1461 393 1503 sicut
427 1478 599 1518 serpens
619 1459 755 1501 Evam
785 1460 950 1502 seduxit
982 1460 1127 1502 astutIa
1152 1477 1241 1510 sua,
1270 1458 1391 1515 siff)
1426 1475 1621 1500 corrum-

190 1550 347 1594 pantur
374 1555 518 1580 sensus
549 1538 672 1580 vestri
700 1554 721 1578 a
753 1536 1022 1593 simplicitate
1039 1538 1154 1586 fidei,
1184 1554 1294 1593 quae
1310 1548 1369 1578 est
1383 1537 1427 1578 in
1451 1536 1619 1578 Christo

190 1617 334 1657 Jesu.“
376 1615 421 1657 Si
453 1615 544 1670 quis
577 1631 676 1667 ergo
710 1616 763 1670 ab
794 1615 870 1665 his,
902 1631 1010 1670 quae
1040 1631 1167 1669 supra
1200 1614 1391 1663 diximus,
1421 1615 1623 1656 manserit

194 1709 380 1748 corpore
413 1703 453 1732 et
481 1691 631 1747 spiritu
662 1691 954 1746 incorruptus,
984 1691 1059 1731 iste
1088 1690 1461 1746 incorruptionem
1491 1707 1621 1746 quae-

192 1786 285 1811 rere
317 1769 493 1819 dicitur,
534 1785 620 1824 quo
651 1768 810 1810 scilicet
841 1767 981 1824 perb)
1013 1767 1125 1807 hanc
1156 1767 1449 1809 observantiae
1477 1769 1623 1810 incor-

193 1847 462 1903 ruptionem,
493 1846 631 1895 illam,
663 1862 770 1901 quae
802 1862 847 1886 ex
880 1844 1189 1886 resurreetione
1221 1857 1297 1894 cst,
1328 1844 1623 1900 incorruptio-

193 1941 293 1965 nem
352 1923 554 1978 consequi
609 1934 834 1964 mereatur.
919 1921 1036 1976 Quid
1089 1933 1228 1962 autem
1283 1921 1466 1976 dmm—⁹)
1517 1922 1620 1962 haec

194 1999 508 2057 requirentibus
535 2000 764 2042 videamus.
825 2001 968 2050 „vit-a,
991 1999 1061 2054 Ιο)
1091 1999 1248 2055 inquit,
1277 2003 1506 2040 aeterna:“
1536 1999 1622 2047 illa,

195 2081 248 2120 de
278 2096 362 2136 qua
384 2079 579 2120 Salvator
610 2079 749 2129 docet,
781 2095 878 2119 cum
903 2077 1024 2118 dicit:
1044 2077 1050 2099 ¹
1072 2076 1113 2132 ¹)
1144 2076 1367 2132 ‚‚haec¹2)
1398 2087 1457 2117 cst
1481 2088 1622 2118 autem

318 2207 359 2261 ι)
392 2207 462 2248 Sic
493 2207 592 2248 Mss.
622 2207 768 2248 nostri.
819 2205 935 2247 Editi
957 2222 1056 2245 vero
1088 2205 1139 2245 al.
1170 2203 1340 2259 „Quem
1372 2213 1511 2243 autem
1545 2202 1623 2241 ho-

198 2281 362 2312 norem,
393 2264 491 2318 qui“
524 2275 612 2313 etc„
643 2265 694 2304 al.
724 2263 859 2317 „Quis
892 2274 1030 2303 autem
1064 2263 1291 2308 honorem,
1322 2258 1419 2314 qui“
1453 2269 1542 2306 ete,
1573 2258 1621 2297 al.

195 2322 254 2374 (e.
286 2337 319 2361 c.
355 2321 448 2361 edd.
479 2320 564 2372 M.)
594 2319 738 2374 „Quia
772 2332 910 2360 autem
944 2319 1172 2367 honorem,
1202 2318 1301 2372 qui“
1332 2326 1408 2356 etc.
1443 2314 1493 2353 R.

314 2389 361 2444 2)
391 2389 465 2431 Ev.
500 2391 658 2431 Joann.
690 2390 740 2439 V,
770 2391 837 2431 23.
956 2388 1002 2444 3)
1036 2388 1145 2429 Edd.
1178 2386 1371 2427 Mei-lini:
1406 2383 1585 2427 Christo.

314 2457 360 2514 4)
396 2459 408 2498 l
445 2460 543 2500 Cor.
577 2460 649 2509 Ill,
682 2461 746 2504 17.
874 2458 918 2513 ⁵)
952 2459 1080 2499 Deest
1111 2462 1264 2506 „vcro“
1294 2456 1337 2496 in
1370 2456 1465 2496 edd.
1500 2453 1623 2494 Mcrl.

316 2531 361 2585 ὅ)
395 2531 431 2570 ll
466 2528 566 2571 Cor.
598 2529 674 2579 XI,
704 2531 743 2573 3.
865 2529 909 2583 ⁷)
942 2526 1219 2569 Desideratur
1243 2525 1352 2575 „sic“
1376 2525 1418 2565 in
1446 2525 1541 2565 cdd.
1563 2523 1623 2563 M.

316 2601 362 2656 ὃ)
394 2601 453 2641 Ita
484 2600 583 2640 Mss.
614 2598 819 2654 plerique,
851 2597 950 2639 edili
972 2598 1028 2652 (c.
1048 2614 1081 2638 c.
1103 2597 1197 2638 edd.
1223 2596 1320 2649 M),
1352 2606 1393 2635 et
1410 2595 1625 2635 liabanus.

202 2658 300 2700 Mss.
328 2673 427 2698 vero
461 2656 656 2713 quidam:
699 2672 801 2711 „per
831 2657 941 2695 lianc
973 2653 1308 2713 obserrautiam,
1341 2651 1478 2698 illam,
1517 2667 1624 2705 quac

201 2732 248 2754 ex
280 2713 589 2755 resurrectione
622 2724 698 2759 cst,
732 2711 960 2767 consequi“
995 2722 1071 2751 etc.
1106 2710 1152 2749 R.

319 2785 364 2839 9)
394 2784 505 2824 Edd.
533 2782 728 2823 Merlini:
761 2783 896 2823 datur.
1020 2779 1090 2837 ¹⁰)
1122 2779 1249 2820 Rom.
1281 2777 1332 2828 ll,
1364 2780 1398 2820 7.

295 2855 363 2909 ΙΙ)
396 2855 506 2895 Edd.
536 2852 730 2894 Merlini:
767 2851 930 2893 dicitur.
1027 2851 1098 2903 ¹²)
1129 2850 1205 2891 Ev.
1231 2850 1395 2891 Joanu.-
1422 2847 1557 2897 XVll,
1587 2849 1625 2890 ·3.
