1788 3111
214 104 296 147 114
551 102 774 145 OmGEms
802 115 850 144 m
879 103 957 145 Et».
987 114 1049 146 An
1081 86 1308 149 Romno's

216 229 256 258 ct
298 215 534 273 prophetis.
599 216 797 258 Ridicula
832 234 1021 274 namque
1046 218 1089 275 1)
1129 219 1255 261 etiam
1297 219 1396 276 ipsis
1438 218 1647 263 Gentibus

217 296 349 343 siunt,
384 311 483 335 curn
520 293 621 347 legis
655 294 823 336 literam
852 307 1079 351 sequentes*
1113 297 1281 338 dicunt:
1323 296 1472 354 ‚,ne²)
1502 297 1646 349 tetige-

218 370 355 422 ris,³)
384 387 439 412 ne
468 371 702 423 gustaveris,
732 389 786 412 ne
818 374 1196 415 contaminaveris:
1237 390 1347 430 quae
1375 387 1473 417 sunt
1502 376 1646 418 omnia

218 449 262 490 in
278 447 324 504 4)
356 449 705 504 corruptionem,
744 451 980 490 secundum
1013 453 1215 492 mandata
1253 463 1292 492 ct
1324 453 1536 495 doctrinas
1567 453 1647 494 ho—

218 527 423 567 minum.“

489 526 650 567 Verum
692 526 796 567 hacc
836 528 1070 582 Apostolus
1111 528 1282 584 quidem
1322 531 1376 571 ad
1417 546 1536 580 eum,
1577 529 1647 586 qui

220 603 419 653 nomine,
458 621 549 644 non
591 620 723 659 opere
753 604 944 645 Judaeus
975 617 1053 655 est,
1093 607 1214 647 dicit:
1255 607 1470 662 pertinere
1505 619 1647 648 tamen

222 682 346 722 etiam
388 683 439 722 ad
476 697 649 722 omnem
681 681 903 722 hominem
934 695 1133 738 possunt,
1171 684 1215 725 in
1247 701 1333 741 quo
1364 701 1526 726 nomen
1556 695 1649 724 tan-

220 771 311 799 tum
343 758 558 809 religionis
591 770 630 799 et
658 759 821 814 pietatis
855 771 934 807 cst,
968 777 1098 816 opera
1133 773 1296 812 autem,
1329 773 1367 802 et
1396 761 1584 811 scientia,
1613 771 1653 800 et

220 838 325 878 fides
375 838 500 877 deest.
570 835 626 877 Et
665 836 764 878 ideo
805 835 971 893 majore
1007 855 1108 880 cura
1146 839 1250 880 haec
1287 839 1331 880 in
1372 839 1499 880 nobis
1537 837 1652 894 ipsis,

222 930 348 969 quam
380 913 423 953 in
455 913 531 962 his,
564 914 637 969 qui
667 916 721 956 ad
751 915 882 955 fidem
916 915 1076 957 Christi
1104 933 1196 957 non
1229 917 1414 967 veniunt,
1444 915 1653 957 discutere

222 991 448 1039 debemus,
477 1006 532 1031 ne
563 992 654 1045 quis
684 1003 893 1041 nostrum,
925 992 998 1047 qui
1027 1009 1105 1048 per
1123 984 1263 1034 ¹sidem
1296 992 1464 1042 Christi,
1503 1003 1542 1033 et
1571 992 1652 1032 cir-

224 1068 529 1109 cumcisionem
570 1068 616 1109 in
646 1070 860 1124 baptismo
903 1071 1067 1119 datam,
1108 1087 1228 1112 verus
1258 1072 1448 1112 Judaeus
1480 1071 1653 1111 effectus

225 1158 298 1195 est,
331 1158 369 1186 et
399 1146 442 1187 in
473 1147 564 1197 lege
597 1145 751 1187 Christi
782 1146 1018 1202 requiescit,
1047 1147 1251 1199 gloriatur
1282 1163 1456 1204 quoque
1484 1163 1528 1189 se
1557 1148 1653 1188 ido-

223 1225 367 1264 lorum
401 1239 546 1263 errore
576 1224 755 1278 depulso
788 1224 1004 1275 agnovisse
1034 1225 1192 1275 Deum,
1224 1237 1263 1266 et
1293 1225 1381 1283 ejus
1410 1225 1491 1267 sibi
1525 1224 1654 1266 inno-

223 1300 350 1341 tuisse
378 1300 667 1340 voluntatem:
697 1324 752 1331 —
782 1300 860 1342 scit
890 1302 1001 1342 enim
1032 1302 1294 1358 p1·0bare,⁵)
1325 1303 1442 1359 quod
1474 1303 1656 1350 bonum,

226 1389 265 1419 et
293 1378 611 1434 beneplacitum
645 1388 724 1428 est,
761 1389 801 1418 et
838 1380 1098 1434 perfectum,
1140 1391 1177 1420 et
1209 1396 1259 1421 eo
1290 1396 1425 1436 usque
1452 1378 1657 1434 pervenit,

224 1466 271 1497 ut
286 1455 332 1511 ὃ)
375 1455 498 1495 etiam
538 1456 622 1495 dux
661 1466 700 1495 et
734 1456 891 1497 doctor
924 1456 1124 1498 ecclesiae
1163 1457 1213 1498 sit
1252 1459 1306 1499 ad
1345 1455 1655 1498 illuminandos

227 1549 311 1582 eos,
340 1531 413 1588 qui
443 1531 488 1573 in
517 1530 690 1573 scientia
726 1533 838 1573 caeci
867 1545 977 1583 sunt,
1010 1544 1050 1574 et
1078 1533 1350 1576 instruendos
1379 1535 1581 1591 parvulos
1610 1532 1654 1574 in

227 1609 398 1651 Christo
426 1626 501 1649 ——:
532 1625 587 1650 ne
616 1609 662 1658 is,
692 1609 882 1665 inquam,
911 1610 1003 1652 talis
1030 1610 1133 1652 alios
1168 1611 1339 1666 quidem
1370 1611 1469 1651 velit
1499 1613 1655 1652 docere

226 1685 467 1736 districtius,
497 1698 536 1726 et
556 1687 608 1727 de
629 1687 705 1737 his,
736 1704 844 1742 quos
874 1687 1053 1738 instruit,
1082 1705 1292 1729 summam
1310 1686 1353 1742 ⁷)
1386 1686 1654 1743 disciplinam

228 1762 421 1805 castitatis
453 1763 627 1815 exigere,
656 1764 747 1820 ipse
776 1781 876 1805 vcro
907 1764 1260 1821 intemperantiae
1287 1757 1389 1805 'vitio
1420 1776 1460 1806 et
1486 1763 1654 1821 cupidi—

228 1842 322 1883 tatis
352 1852 574 1892 urgeatur,
617 1858 933 1897 nonnunquam
966 1842 1090 1882 etiam
1122 1841 1304 1883 flammis
1335 1841 1529 1883 occultae
1558 1841 1655 1882 libi-

228 1919 337 1961 dinis
377 1930 544 1961 aestuet.
604 1919 673 1959 Ad
711 1917 958 1977 hujusmodi
989 1934 1088 1972 ergo
1128 1919 1351 1960 hominem
1381 1919 1656 1974 Apostolicus

552 2034 556 2037 ”
1142 2024 1166 2051 se!

348 2078 390 2134 Ι)
423 2079 494 2120 Sic
514 2079 611 2120 Mss.
641 2078 757 2120 Editi
780 2095 879 2120 vero
902 2079 960 2136 (e.
982 2098 1015 2122 c.
1038 2076 1142 2122 edd(
1158 2079 1263 2136 M.):
1293 2095 1509 2135 „namque
1529 2078 1653 2120 ctiam

229 2136 438 2178 Gentibus
468 2136 568 2192 ipsis
597 2135 697 2187 legis
726 2136 896 2178 literam
926 2149 1147 2193 sequentes
1179 2137 1364 2179 dicunt.“
1392 2135 1442 2179 R.

343 2205 389 2263 ²)
423 2206 588 2248 Coloss.
618 2206 672 2255 II,
701 2207 768 2248 21.

344 2276 391 2326 3)
421 2276 526 2318 Msc·
558 2276 659 2329 Reg·
688 2294 806 2318 num·
831 2278 954 2322 1639.
981 2295 1062 2328 „ne
1091 2277 1318 2330 tetigeritis,
1347 2295 1402 2319 ne
1431 2279 1656 2328 gustaveri-

229 2335 291 2384 tis,
320 2349 376 2373 ne
407 2333 833 2375 contaminaveritis.“
864 2335 913 2375 R.

346 2401 392 2458 ⁴²)
426 2401 589 2443 Omnes
618 2403 720 2445 R'Iss.
751 2403 818 2454 „in
853 2404 1171 2461 corruptione.“
1200 2405 1253 2445 R.

346 2473 392 2529 ⁵)
422 2472 549 2514 Rom.
578 2473 680 2523 Xll,
706 2476 745 2516 2.

347 2543 393 2598 ⁶)
424 2543 522 2585 R'Iss.
551 2543 769 2599 plerique,
806 2544 1027 2592 Baliarum,
1068 2555 1108 2584 ct
1138 2543 1238 2584 editi
1269 2544 1327 2598 (e.
1358 2560 1392 2583 c.
1424 2544 1519 2583 cdd.
1552 2543 1654 2597 Μ.)-

232 2613 302 2650 ‚,ut
340 2611 443 2641 esset
483 2601 565 2641 dux
605 2611 644 2640 et
675 2602 829 2641 doctor
858 2600 1057 2640 ecclesiae
1099 2601 1151 2641 ad
1195 2600 1537 2641 illuminandos“
1579 2613 1655 2641 etc.

232 2659 317 2698 Sed
356 2656 511 2697 melior
546 2656 711 2698 videtur
750 2656 874 2697 lectio
908 2656 1013 2698 Msc.
1045 2655 1310 2707 Regiinunn.
1344 2656 1487 2705 1639„
1528 2668 1573 2696 ut
1611 2657 1654 2696 iu

230 2726 377 2755 nostro
413 2724 538 2754 textu.
580 2712 630 2756 R.

347 2781 394 2837 7)
424 2782 522 2825 Mss.
554 2782 662 2823 duo:
703 2799 939 2832 „summam
973 2781 1223 2838 disciplinae
1263 2794 1301 2822 et
1339 2781 1534 2824 castitatis
1573 2783 1656 2824 cxi-

231 2844 363 2893 gercf‘
406 2838 571 2881 Cactcri
602 2854 703 2881 vero
725 2839 836 2890 Mss.‚
867 2839 1080 2891 Romanus,
1111 2851 1150 2881 ct
1171 2838 1283 2890 editi,
1318 2850 1364 2881 ut
1387 2839 1431 2881 in
1451 2850 1573 2881 textu.
1606 2839 1654 2879 R.
