1788 3111
208 95 290 138 138
547 94 770 135 OmeEms
801 107 846 134 ΓΝ
878 92 954 135 ΕΡ.
980 106 1040 135 An
1075 85 1296 136 RoMArtos⁵

208 225 335 264 quam
366 208 645 263 postmodum
674 208 850 248 mandat
879 205 1094 256 abscindi,
1133 205 1241 261 ιη’)
1271 222 1349 261 per
1377 208 1630 249 miserorum

206 284 413 340 supplicia
442 284 668 340 proprium
700 285 896 325 emendet
919 300 1129 336 errorem3
1159 295 1232 324 aut
1254 286 1372 339 quod
1393 285 1628 327 necessario

206 374 246 402 et
276 361 435 402 utiliter
463 361 575 413 fecit,
606 380 696 403 non
727 374 839 403 recte
869 363 1044 403 mandat
1065 361 1234 404 auferri.
1280 361 1392 402 Tum
1411 374 1628 417 praeterea

204 438 300 491 si²)
331 456 457 480 curae
490 451 551 480 est
581 441 702 489 Deo,
740 439 950 495 plurimos
991 441 1044 480 ad
1076 440 1238 480 cultum
1275 455 1376 480 suae
1414 439 1629 492 religionis

204 516 380 566 adduci,
421 517 652 558 maximum
693 534 742 558 ex
773 516 1095 558 circumcisione
1127 517 1396 558 obstaculum
1429 516 1625 558 nascitur.

206 594 317 635 Cum
358 611 409 635 eo
451 595 584 645 enim,
632 596 751 650 quod
801 594 1058 651 supplicium
1101 593 1395 650 unusquisque
1434 593 1629 643 declinat,

202 683 294 712 tum
335 672 461 713 etiam
504 672 746 714 irrisionem
789 671 1064 727 turpitudinis
1107 672 1281 725 refugit:
1334 672 1450 712 unde
1499 672 1629 723 magis

202 748 557 805 impedimentum
588 751 670 790 hoe
700 748 927 802 religionis,
962 766 1090 804 quam
1122 748 1284 801 insigne
1316 749 1562 789 ducendum
1581 747 1627 802 3)

204 838 275 868 est.
335 827 453 867 Haec
497 838 537 867 et
581 827 717 868 multa
762 825 825 867 his
863 826 1016 867 similia
1060 827 1126 867 vel
1167 825 1358 867 Gentiles
1405 827 1628 867 adversum

203 904 497 956 legislatorem,
529 905 596 945 vel
626 903 825 945 haeretici
855 916 1149 959 perstrepunt:
1184 903 1337 959 quibus
1368 903 1628 958 respondere

202 981 483 1023 necessarium
520 994 647 1038 puto,
691 983 766 1023 sed
804 981 945 1037 primo
988 980 1212 1022 Gentibus.
1280 980 1421 1020 Nemo
1463 978 1627 1034 sapiens

201 1076 248 1100 ea
280 1060 325 1100 in
356 1059 446 1100 aliis
478 1071 620 1110 notat,
661 1076 768 1115 quae
806 1060 921 1114 apud
952 1075 994 1100 se
1025 1060 1202 1099 honesta
1235 1056 1351 1098 ducit
1385 1068 1424 1096 et
1453 1072 1625 1108 magna:

201 1137 356 1178 etenim
387 1136 650 1178 circumcisio
683 1138 799 1192 apud
828 1153 914 1186 vos,
949 1153 974 1175 o
1002 1134 1206 1184 Gentiles,
1236 1134 1295 1174 ita
1323 1133 1465 1185 magni
1495 1134 1625 1173 habe—

200 1227 288 1264 tur,
307 1214 352 1270 4)
382 1226 430 1255 ut
458 1231 548 1255 non
578 1213 734 1269 passim
763 1214 889 1265 vulgo
921 1212 1121 1266 ignobili,
1152 1212 1227 1252 sed
1256 1211 1357 1252 solis
1396 1210 1625 1251 sacerdoti-

200 1294 300 1342 bus,
331 1303 372 1333 et
401 1291 488 1341 his,
527 1290 601 1347 qui
630 1291 742 1332 inter
771 1290 886 1346 ipsos
918 1288 1189 1330 electioribus
1220 1287 1367 1329 studiis
1399 1286 1626 1342 mancipati

199 1369 379 1418 fuerint,
420 1370 630 1410 credatur.
690 1369 803 1409 Nam
842 1368 958 1422 apud
989 1364 1242 1424 AegyptiOS,
1288 1365 1361 1422 qui
1401 1365 1446 1405 in
1476 1381 1625 1419 super-

198 1446 441 1488 stitionibus
470 1445 615 1487 vestris
649 1458 690 1486 et
720 1443 986 1486 vetustissimi
1017 1445 1242 1493 hahentur,
1274 1455 1315 1484 et
1346 1441 1627 1491 eruditissimi,

1117 1519 1159 1542 fix

199 1543 221 1565 a
255 1525 409 1580 quibus
439 1540 577 1579 prope
609 1540 756 1564 omnes
788 1521 942 1578 reliqui
972 1521 1101 1562 ritum
1143 1542 1161 1575 )
1194 1537 1412 1562 sacrorum
1440 1531 1481 1560 et
1510 1536 1625 1560 cere-

199 1602 365 1643 monias
381 1603 426 1658 ⁶>
455 1600 639 1642 mutuati
671 1612 789 1642 sunt:
834 1601 949 1656 apud
980 1599 1131 1653 hos,⁷)
1161 1598 1350 1653 inquam,
1380 1597 1524 1637 nullus
1554 1608 1626 1636 aut

198 1679 454 1733 geometriae
494 1680 712 1726 studebat,
762 1688 834 1717 aut
875 1674 1183 1724 astronomiae,
1225 1691 1334 1730 quae
1373 1674 1488 1729 apud
1527 1672 1625 1714 illos

198 1755 510 1813 praecipuaess)
548 1756 785 1804 ducuntur,
826 1754 970 1794 nullus
1003 1764 1115 1794 certe
1146 1750 1399 1804 astrologiae
1428 1761 1469 1791 et
1499 1765 1624 1803 gene-

199 1852 315 1884 seos,
355 1850 437 1889 qua
475 1831 583 1873 nihil
624 1830 804 1871 divinius
842 1842 1014 1886 putant,
1054 1840 1212 1870 secreta
1249 1829 1505 1876 rimabatur,
1545 1827 1625 1868 nisi

199 1910 521 1953 circumcisione
553 1920 757 1964 suscepta.
817 1909 1025 1949 Sacerdos
1058 1908 1173 1962 apud
1205 1923 1290 1954 eos,
1321 1921 1522 1960 aruspeX,
1554 1916 1625 1944 aut

200 1988 494 2046 quorumlibet
537 2003 758 2029 sacrorum
800 1985 1012 2034 minister,
1061 1984 1148 2034 vel,
1195 1995 1242 2023 ut
1286 1982 1348 2023 illi
1395 1982 1624 2038 appellant,

198 2068 408 2124 propheta
451 2064 609 2115 omnis,
650 2062 920 2106 circumcisus
961 2074 1031 2103 est.
1090 2061 1250 2102 Literas
1283 2075 1458 2116 quoque
1487 2074 1622 2100 saeer-

320 2233 362 2289 ¹)
393 2233 495 2274 Mss.
527 2231 682 2273 nostri:
716 2243 784 2282 „et
812 2248 890 2287 per
920 2228 1177 2270 miserorum
1204 2254 1258 2261 --
1290 2229 1514 2269 emendat“
1547 2238 1619 2267 etc.

196 2293 249 2334 R.
283 2315 334 2322 -
365 2291 445 2330 Ed.
480 2290 541 2330 Μ.
572 2290 614 2329 I:
645 2300 714 2339 „et
743 2305 821 2344 per
850 2286 1105 2328 miserorum
1137 2311 1188 2317 —-
1221 2286 1451 2326 emendet“
1490 2295 1565 2324 etc.

314 2358 360 2415 ²)
391 2360 503 2400 Edd.
534 2358 733 2399 Merlini:
767 2357 799 2398 si
831 2374 932 2398 cura
963 2368 1024 2398 est
1053 2357 1172 2406 Deo,
1206 2354 1414 2411 plurimos
1445 2353 1499 2394 ad
1531 2353 1619 2393 cul--

199 2429 287 2458 tum
320 2431 445 2457 sanae
475 2414 690 2466 religionis
721 2426 798 2455 ete.

313 2486 361 2542 ³)
391 2485 504 2527 Edd.
532 2483 728 2526 Merlini:
763 2483 993 2524 (licendum
1025 2494 1097 2523 est.

316 2555 358 2611 ιι)
390 2556 469 2597 Ed.
500 2554 563 2597 M.
594 2556 656 2595 Il:
689 2554 945 2595 aestimatur.

314 2627 360 2680 ⁵)
390 2627 471 2668 Ed.
500 2625 564 2667 Μ.
593 2627 633 2667 Ῑ;
665 2624 793 2665 ritum
826 2634 1083 2665 sanctorum.

316 2696 361 2750 ⁶)
395 2697 475 2738 Ed.
506 2696 567 2738 Μ.
598 2696 660 2737 II:
695 2706 735 2736 et
767 2692 1117 2735 ceremoniarum.
1175 2694 1177 2697 ’

315 2766 361 2819 7)
392 2767 504 2807 Edd.
535 2765 730 2807 Merlini:
763 2766 878 2820 apud
911 2779 1028 2819 quos.

316 2837 362 2892 ε5)
394 2838 505 2880 Edd.
535 2835 730 2877 Merlini:
761 2834 987 2891 praecipua
1020 2832 1200 2874 ducitur.
