1788 3111
494 154 528 196 C
535 165 938 196 OMMENTAmonUM
969 155 1059 197 Lm.
1091 155 1142 196 ΙΙ.
1444 157 1526 202 147

108 267 333 323 quomodo
357 266 568 309 videbitur
597 284 742 309 verum
766 282 863 317 esse,
895 268 1011 322 quod
1036 266 1202 318 dicitur,
1234 269 1332 324 quia
1351 270 1534 326 amplius

106 343 268 400 aliquid
298 344 484 385 habeant
513 344 557 384 in
587 360 659 392 c0,
700 344 819 398 quod
856 343 1004 398 primis
1034 345 1083 386 iis
1114 345 1285 400 eloquia
1316 346 1399 388 Dei
1440 364 1532 389 cre-

106 421 193 463 dita
221 432 340 470 sunt,
378 421 422 461 in
453 420 605 475 quibus
633 435 726 459 non
755 420 995 471 intelligunt
1034 438 1211 477 „neque
1231 421 1275 476 ¹)
1317 439 1423 478 quae
1462 425 1530 466 lo-

107 509 319 553 quuntur,
360 512 500 551 neque
540 497 593 536 de
623 494 776 550 quihus
811 496 1088 539 affirmant?“
1148 497 1194 539 Si
1224 515 1324 539 vero
1363 501 1530 556 sapiens

103 573 177 615 ille
199 572 413 628 dicitur2>
442 573 675 614 secundum
701 572 997 624 Salomonem,
1030 574 1102 629 qui
1119 575 1312 626 intelligit
1336 577 1530 633 ‚,quae3)

105 668 151 692 ex
181 650 360 707 proprio
394 665 468 690 ore
496 660 606 699 sunt,
639 661 678 690 et
708 650 781 705 qui
809 650 855 691 in
885 650 1009 692 labiis
1041 663 1186 707 portat
1213 652 1530 694 intellectum:“

104 730 158 769 de
188 728 311 768 Mose
344 738 383 767 et
411 726 650 781 prophetis,
692 727 949 783 caeterisque
990 728 1147 769 horum
1185 729 1391 773 similibus
1421 731 1527 772 haec

100 803 373 856 intelligenda
413 813 512 844 sunt
550 802 656 851 dici,
696 804 850 858 quibus
891 805 1049 846 credita
1087 817 1184 846 sunt
1224 807 1393 862 eloquia
1431 807 1529 857 Dei,

100 881 198 937 quia
230 893 268 921 et
296 881 410 935 ipsos
443 880 632 920 Judaeos
663 880 811 930 fuisse,
843 891 882 920 et
911 881 1107 922 habuisse
1139 882 1528 935 circumcisionem,

99 975 192 1000 non
221 968 361 1013 potest
391 956 598 997 dubitari:
628 958 702 997 sed
728 969 766 997 et
781 957 815 999 si
833 957 924 1013 quis
947 960 1061 1014 apud
1084 975 1154 1001 eos
1176 961 1354 1016 sapiens,
1392 973 1432 1002 et
1459 962 1526 1003 in-

101 1034 288 1086 telligens
318 1034 500 1082 auditor,
534 1044 573 1073 et
599 1033 805 1075 mirabilis
827 1034 1091 1077 consiliarius
1121 1035 1211 1085 fuit,
1234 1053 1339 1092 quos
1358 1040 1527 1079 auferre

100 1112 254 1154 dicitur
275 1110 492 1151 Dominus
524 1111 798 1152 aJerusalem
829 1113 1016 1154 offensus
1045 1112 1331 1168 impietatibus
1357 1115 1524 1171 populi.

98 1189 169 1231 Sic
201 1189 312 1230 enim
356 1188 457 1228 dicit
485 1186 650 1228 Esaias:
689 1186 876 1243 „ecce‘²)
919 1189 1167 1231 dominator
1195 1190 1413 1233 Dominus
1445 1192 1524 1234 Sa·-

100 1266 232 1308 baoth
266 1266 426 1305 auferet
458 1264 510 1304 ab
541 1264 777 1305 Jerusalem
817 1276 856 1305 et
885 1281 909 1306 a
937 1266 1052 1307 Juda
1082 1267 1332 1323 validum5)
1365 1280 1405 1309 et
1433 1270 1522 1310 for-

98 1347 238 1384 tem:“
270 1353 308 1382 et
327 1352 424 1397 post
445 1340 680 1394 aliquanta:
712 1341 837 1397 ‚,et⁶)
857 1343 1130 1397 prophetam,
1158 1343 1308 1399 inquit,
1340 1355 1379 1385 et
1399 1345 1523 1386 aesti-

95 1430 327 1467 matorem,
361 1429 399 1457 et
427 1416 714 1468 seniorem‚⁷)
746 1429 786 1458 et
817 1418 1243 1474 quinquagenarium,
1277 1432 1316 1461 et
1345 1421 1521 1463 mirabi-

93 1495 178 1535 lem
210 1493 513 1542 consiliarium,
545 1505 584 1533 et
612 1494 844 1550 sapientem
869 1495 1158 1545 architectum,
1191 1508 1229 1537 et
1257 1499 1515 1552 prudentem

94 1571 380 1611 auditorem.“
453 1568 530 1611 His
569 1585 667 1621 ergo
708 1571 861 1612 talibus
900 1571 1224 1613 existimandum
1263 1584 1322 1614 est
1366 1574 1517 1629 primis

93 1646 323 1702 eloquiass)
362 1647 519 1686 credita
552 1663 637 1688 esse
670 1647 834 1697 divina,
875 1660 914 1688 et
954 1648 998 1688 in
1016 1648 1061 1703 9)
1101 1648 1164 1689 his
1195 1649 1416 1690 fatendum
1446 1661 1518 1699 est,

93 1723 220 1766 fuisse
250 1723 431 1778 amplius
461 1724 645 1764 multum
674 1740 753 1779 per
784 1741 958 1766 omnem
984 1727 1189 1776 modum3
1217 1726 1290 1766 sed
1313 1737 1352 1766 et
1379 1725 1413 1767 si
1443 1718 1537 1782 quir

93 1800 166 1842 alii
198 1799 262 1841 his
292 1799 447 1841 similes
476 1802 662 1850 fuerunt,
690 1801 799 1842 sicut
826 1801 871 1842 in
900 1801 1150 1854 Regnorum
1180 1801 1386 1858 libris¹⁰)
1415 1802 1518 1844 scri-

90 1888 213 1932 ptum
255 1877 484 1932 Apostolus
528 1890 760 1919 memorat:
811 1879 997 1934 „reliqui
1037 1878 1143 1919 mihi
1182 1891 1344 1934 septem
1380 1880 1515 1922 millia

94 1954 298 2003 virorum,
333 1953 407 2009 qui
432 1971 522 1995 non
555 1968 834 1997 curvaverunt
856 1971 991 2008 genua
1009 1972 1083 1998 sua
1116 1966 1212 1996 ante
1230 1953 1377 1996 Baal.“
1427 1956 1515 1997 Sed

91 2041 132 2071 et
160 2030 241 2086 ipsi
269 2030 469 2085 Apostoli
500 2029 678 2082 Christi,
709 2044 748 2073 et
775 2032 866 2088 ipse
897 2048 965 2073 vas
997 2031 1227 2082 electionis,
1247 2030 1314 2086 ¹¹)
1341 2032 1514 2083 Paulus,

207 2196 251 2250 ¹)
283 2196 302 2235 l
333 2196 523 2238 Timoth.
554 2196 586 2245 I,
615 2198 652 2239 7.

205 2267 251 2322 2)
280 2266 391 2308 Edd.
419 2265 615 2307 Merlini:
647 2266 810 2316 dicitur,
841 2265 915 2321 qui
942 2266 1136 2320 intelligit
1162 2268 1398 2310 secundum
1431 2267 1509 2309 Sa-

86 2324 310 2365 lomonem
343 2339 452 2379 quae
482 2334 558 2363 etc.

204 2393 252 2447 3)
282 2392 407 2434 Prov.
436 2391 552 2441 XVI,
582 2392 649 2434 23.
767 2389 813 2446 4)
842 2390 968 2433 Jesai.
998 2392 1074 2442 III,
1103 2392 1140 2434 1.
1169 2394 1208 2435 2.

205 2462 250 2517 ⁵)
280 2463 446 2504 Desunt
484 2461 530 2502 in
567 2460 686 2503 editis
715 2462 774 2517 (e.
808 2478 841 2503 c.
870 2461 916 2502 in
946 2462 1041 2505 edd.
1068 2461 1156 2519 M.)
1187 2463 1338 2504 verba:
1380 2462 1508 2513 „vali-

88 2520 190 2560 dum
222 2531 262 2560 et
288 2521 484 2560 fortem.“
514 2517 562 2560 R.

202 2587 249 2643 ⁶)
278 2588 404 2629 Jesai.
434 2587 509 2637 III,
538 2588 577 2628 2.
606 2587 646 2630 3.
767 2585 812 2642 ⁷)
843 2586 980 2629 Alias:
1009 2593 1313 2637 „senatorem.“
1342 2587 1393 2628 R.

201 2657 248 2711 8)
278 2658 409 2699 Deest
425 2657 470 2698 in
490 2669 612 2699 antea
631 2657 752 2700 editis
771 2658 830 2712 (e.
849 2674 883 2698 c.
900 2658 945 2699 in
961 2658 1058 2698 edd.
1073 2657 1180 2709 M.):
1200 2658 1438 2713 „eloquia.“
1454 2658 1504 2699 R.

203 2725 248 2780 ⁹)
278 2726 408 2769 Deest
436 2727 530 2778 ‚,in“
562 2727 608 2768 in
639 2729 734 2770 edd.
766 2727 827 2768 M.

177 2795 249 2850 ¹⁰)
279 2796 299 2835 Ι
327 2795 454 2849 Regg.
482 2797 602 2850 XIX,
632 2797 699 2842 18.
729 2795 816 2853 (III
840 2796 992 2853 Regg.)
1022 2798 1119 2839 coll.
1141 2795 1268 2838 Rom.
1298 2796 1376 2849 XI,
1406 2798 1444 2840 4.

178 2865 188 2888 ¹
206 2865 249 2920 ¹)
282 2866 372 2907 Act.
398 2866 474 2918 lx,
504 2868 570 2912 15.

1153 2938 1208 2979 10
1228 2943 1249 2966 *
