1788 3111
484 117 925 160 COMMENTARIORUM
954 116 1045 159 Lm.
1084 117 1130 158 V.
1447 121 1532 164 353

116 243 200 272 tem
232 241 291 272 est
322 229 446 271 etiam
480 230 638 271 Adam:
682 244 779 281 ergo
819 241 859 270 et
897 229 941 270 in
973 229 1110 285 ipsum
1151 228 1390 286 justificatio
1421 231 1530 273 vitae

114 307 342 364 perveniet.
401 308 486 349 Sed
525 306 637 348 dices
678 308 875 347 fortasse:
914 307 946 347 si
984 324 1072 348 uno
1112 319 1313 363 peccante
1352 309 1530 363 mors')

115 385 159 425 in
191 400 336 426 omnes
368 383 561 425 homines
591 383 853 439 pertransiit,
893 396 932 425 et
973 401 1115 426 rursus
1146 384 1270 426 unius
1301 384 1456 442 justitia
1487 386 1531 427 in

117 478 263 503 omnes
293 460 487 503 homines
518 459 755 517 justificatio
786 460 893 502 vitae
922 460 1124 516 pervenit,
1155 478 1295 517 neque
1313 475 1359 503 ut
1388 481 1531 505 more-

115 555 260 580 remur
288 538 449 594 aliquid
479 536 602 578 nobis
632 549 792 590 gestum
825 550 895 586 est,
927 555 1064 593 neque
1083 549 1129 578 ut
1148 538 1346 589 vivamus,
1376 542 1449 581 sed
1475 554 1533 583 est

115 615 262 657 mortis
295 616 468 671 quidem
498 629 620 655 causa
652 615 803 664 Adam,
834 614 940 655 vitae
979 627 1118 656 autem
1152 614 1353 658 Christus.
1411 618 1532 658 Dixi-

114 710 209 734 mus
241 692 413 749 quidem
442 690 526 747 jam
560 703 600 732 et
627 691 673 732 in
701 691 1010 747 superioribus,
1053 693 1170 748 quod
1215 705 1410 749 parentes
1445 711 1535 734 non

116 770 257 811 solum
287 779 487 822 generant
518 767 650 818 filios,
691 770 766 809 sed
796 779 837 809 et
865 767 1082 810 imbuunt:
1117 780 1156 810 et
1188 769 1260 825 qui
1290 783 1535 820 nascuntur,

116 863 206 888 non
237 847 375 888 solum
405 844 482 886 filii
511 843 780 900 parentibus,
824 847 898 886 sed
930 857 970 886 et
1000 845 1195 902 discipuli
1226 849 1345 897 fiunt,
1378 859 1418 888 et
1447 864 1536 888 non

117 936 201 964 tam
231 935 381 964 natura
413 933 617 975 urgentur
656 921 701 962 in
742 933 926 962 mortem
955 923 1136 978 peccati,
1179 922 1368 979 quam2)
1412 923 1536 965 disci-

115 1000 243 1056 plina.
300 1000 433 1041 Verbi
464 1016 587 1041 causa
618 999 754 1050 enim,
795 998 829 1040 si
861 997 953 1055 quis
982 1016 1004 1041 a
1036 1000 1132 1041 Deo
1185 1002 1384 1043 recedens
1421 1000 1539 1042 idola

116 1078 241 1127 colat,
273 1094 419 1119 nonne
463 1076 669 1119 continuo
710 1076 834 1118 etiam
873 1076 1007 1127 filios,
1046 1076 1079 1118 si
1117 1077 1330 1129 genuerit,
1368 1078 1538 1119 docebit

116 1155 232 1196 idola
247 1154 291 1210 3)
322 1154 513 1196 venerari
544 1165 584 1195 et
615 1153 816 1195 sacrificia
847 1155 1006 1195 offerre
1038 1154 1302 1196 daemoniis?
1350 1156 1446 1196 Hoc
1477 1173 1541 1197 se-

118 1233 307 1273 cundum
337 1233 476 1272 Adam
506 1230 629 1280 facit,
671 1242 712 1271 et
741 1230 785 1271 in
815 1230 955 1285 hoc4)
986 1243 1129 1283 regnat
1158 1248 1274 1273 mors
1304 1233 1356 1272 ab
1389 1234 1542 1283 Adam,

119 1308 200 1349 hoc
244 1319 316 1358 est,
356 1323 379 1348 a
417 1307 652 1358 nativitate,
697 1308 893 1364 usque5)
935 1309 988 1349 ad
1037 1308 1135 1361 legis
1177 1320 1355 1365 tempus,
1393 1326 1478 1365 quo
1496 1311 1542 1366 ⁶)

119 1387 174 1426 ad
209 1384 508 1427 discretionem
541 1385 643 1426 recti
672 1386 876 1441 pravique
898 1384 1037 1440 operis
1060 1385 1240 1435 veniens,
1270 1403 1399 1442 capax
1418 1388 1542 1428 Chri*-

118 1463 170 1504 sti
200 1462 353 1516 gratiae
385 1461 495 1503 effici
524 1473 684 1516 potest:
718 1474 758 1503 et
785 1460 846 1502 ibi
875 1461 1136 1517 relinquit7)
1157 1463 1310 1514 Adam,
1342 1465 1413 1520 qui
1445 1482 1544 1506 eum

119 1540 184 1580 vel
214 1538 358 1591 genuit
388 1539 454 1579 vel
495 1538 642 1579 docuit
671 1539 715 1579 in
751 1550 956 1588 mortem,
1001 1550 1042 1579 et
1079 1539 1271 1594 sequitur
1312 1541 1543 1592 Christum,

122 1616 193 1671 qui
226 1632 323 1656 eum
363 1627 403 1657 et
441 1617 568 1657 docet
609 1627 648 1657 et
677 1616 806 1669 gignit
845 1618 899 1657 ad
938 1615 1077 1657 vitam.
1136 1616 1210 1657 Vis
1255 1629 1397 1659 autem
1426 1619 1544 1671 scire,

122 1692 220 1748 quia
260 1709 351 1733 non
388 1694 529 1734 solum
568 1693 813 1742 nativitatis,
855 1693 928 1734 sed
957 1705 996 1733 et
1030 1692 1248 1734 doctrinae
1279 1706 1352 1745 est,
1381 1694 1425 1735 in
1458 1712 1549 1751 quos

123 1786 239 1810 mors
270 1770 456 1822 regnavit
487 1771 540 1811 ab
573 1769 742 1811 Adam?
801 1769 930 1810 Disce
970 1769 1052 1810 hoc
1091 1786 1137 1810 ex
1180 1770 1411 1814 contrariis.
1468 1772 1545 1812 Et-

124 1846 237 1888 enim
267 1847 482 1889 Dominus
512 1848 635 1888 Jesus
668 1845 881 1897 Christus,
918 1863 1015 1888 cum
1045 1846 1223 1888 venisset
1256 1865 1364 1903 quae
1394 1865 1546 1906 perpe-

124 1941 213 1965 ram
244 1936 356 1977 gesta
385 1925 553 1965 fuerant
584 1924 823 1973 emendare,
853 1941 934 1980 pro
957 1940 1022 1975 eo,
1053 1924 1231 1980 quodin
1262 1936 1445 1966 mortem
1475 1942 1544 1978 ge-

122 2013 289 2041 neraret
316 2001 408 2050 illa,
449 2017 556 2056 quae
595 2018 641 2041 ex
689 2002 827 2041 Adam
857 2000 1052 2041 veniebat
1081 2000 1217 2056 prima
1250 2000 1452 2051 nativitas,
1483 2002 1548 2041 in-

126 2077 314 2118 troduxit
345 2078 574 2118 secundam
604 2076 882 2126 nativitatem,
915 2093 1043 2132 quam
1060 2076 1106 2130 ⁹)
1137 2093 1226 2117 non
1257 2088 1342 2118 tam
1373 2094 1545 2130 genera—

244 2241 287 2296 ¹)
318 2241 428 2283 Edd.
461 2242 654 2285 Merlini:
687 2243 729 2283 in
763 2260 908 2285 omnes
928 2243 1120 2285 homines
1152 2261 1267 2285 mors
1297 2244 1547 2300 pertransiit.

241 2311 288 2366 ²)
320 2312 435 2353 Alias
466 2314 526 2367 (v,
559 2330 591 2354 c.
622 2313 667 2353 in
699 2313 794 2353 edd.
819 2314 928 2369 ἼΜ.);
961 2331 1116 2370 „quam
1144 2314 1408 2370 discipulatu.
1439 2317 1548 2357 Nam

128 2367 244 2409 verbi
275 2384 411 2418 causa,
441 2369 502 2410 si“
533 2381 608 2410 etc.
638 2370 690 2411 R.

242 2438 290 2493 3)
322 2438 454 2479 Deest
482 2438 525 2479 in
557 2451 677 2480 antea
710 2438 829 2481 editis
851 2442 910 2495 (v.
930 2456 963 2481 c.
982 2440 1026 2481 in
1045 2442 1140 2482 edd.
1160 2440 1266 2496 Μ.);
1302 2441 1484 2491 ‚,i·dola.“
1500 2443 1549 2483 R.

243 2509 289 2560 ⁴)
319 2508 431 2549 Edd.
461 2508 657 2549 Merlini:
691 2520 732 2549 et
759 2508 804 2549 in
836 2508 898 2550 his
930 2521 1075 2562 regnat
1107 2521 1182 2551 etc.

245 2577 289 2633 ⁵)
319 2578 401 2620 Ed.
431 2579 494 2620 M.
525 2580 557 2620 I.
589 2579 719 2619 male:
754 2595 860 2634 quae
892 2581 944 2620 ad
977 2591 1052 2620 ete.

245 2648 291 2702 G)
320 2649 431 2689 Edd.
462 2647 657 2689 Merlini:
692 2650 821 2705 quod.

246 2715 290 2769 ⁷)
321 2717 401 2757 Ed.
432 2718 495 2760 M.
542 2720 582 2758 I:
624 2731 692 2768 „et
736 2718 792 2759 ibi
839 2720 1009 2775 reliquit
1041 2721 1193 2768 Adam,
1225 2729 1265 2758 et
1290 2717 1458 2773 quievit,
1489 2718 1551 2758 vcl

131 2770 271 2823 genuit
301 2773 364 2812 vel
397 2773 567 2815 docuit“
599 2786 672 2818 etc.

248 2842 295 2896 ⁸)
326 2842 441 2883 Editi
474 2843 532 2898 (e.
566 2862 597 2884 c.
631 2846 726 2887 edd.
759 2847 865 2904 M.):
900 2863 1052 2901 „quam
1086 2845 1444 2900 regenerationem
1480 2861 1551 2899 apn

135 2919 353 2960 OmGEms
386 2919 556 2962 OPERA.
589 2920 707 2963 Tom.
736 2922 802 2963 VI.
1194 2923 1249 2965 23
