1788 3111
0 2885 6 3111 ι

477 156 922 201 Commurmonum
953 155 1045 198 Lm.
1076 156 1148 198 111.
1441 158 1526 202 227

98 271 163 323 sti,
191 287 270 329 per
298 272 429 314 fidem
458 287 577 314 suam
607 286 698 311 non
726 268 881 320 statuit,
908 285 1050 326 neque
1078 268 1317 320 confirmat,
1343 269 1417 311 sed
1448 270 1523 311 de-

98 348 221 392 struit
249 350 398 400 legem.
454 347 553 389 Hoc
583 358 622 388 et
649 345 795 387 Ebion
824 346 947 399 facit3
987 346 1072 388 hoc
1103 358 1143 388 et
1172 362 1345 397 omnes,
1375 347 1448 403 qui
1476 347 1522 389 in

100 427 186 468 fide
217 426 424 467 catholica
456 423 617 479 aliquid
648 423 934 478 corruptionis
961 424 1229 465 interserunt.
1272 422 1366 475 Ego
1399 424 1524 465 etiam

101 502 211 544 illud
264 501 569 544 convenienter
605 499 827 557 adjiciam,
874 501 992 556 quod
1036 501 1198 548 omnis,
1234 500 1308 555 qui
1350 502 1524 543 credens

103 577 273 621 Christo
305 581 417 620 bene
448 577 550 629 agit,
592 589 632 618 et
672 577 863 618 continet
899 594 942 619 se
983 578 1036 619 ab
1079 577 1200 619 omni
1228 577 1395 618 macula
1424 594 1526 633 pec-

104 656 207 705 cati,
247 656 315 697 hic
354 656 486 707 legem
528 653 612 695 Dei
649 666 762 695 recte
800 655 982 696 vivendo
1016 656 1263 696 confirmat:
1307 653 1381 710 qui
1422 670 1524 695 vero

101 748 305 788 praeceps
333 743 608 788 peccatorum
639 731 746 773 vitiis
776 731 938 783 agitur,
968 742 1007 772 et
1037 731 1126 773 sine
1155 730 1244 771 ullo
1273 729 1528 785 poenitendi

102 809 338 850 retinaculo
379 808 619 851 assiduitate
658 808 866 850 scelerum
906 809 1166 859 maculatur,
1222 807 1293 849 hic
1331 807 1455 849 etiam
1495 806 1530 849 si

101 887 278 927 credere
309 885 477 927 Christo
508 886 711 935 videatur,
737 901 816 940 per
843 885 974 925 fidem
1003 900 1123 925 suam
1152 900 1245 926 non
1273 885 1427 934 statuit,
1456 884 1531 926 sed

102 963 279 1005 destruit
317 963 465 1016 legem.
525 963 612 1004 Sed
661 974 701 1004 et
747 961 820 1003 illa
858 976 1133 1016 nequaquam
1178 960 1305 1002 nobis
1342 973 1531 1016 praeter-

104 1041 247 1081 eunda
277 1039 444 1081 videtur
474 1039 675 1096 objectio,
707 1056 837 1096 quam
866 1039 1063 1095 proferre
1094 1037 1187 1093 quis
1216 1049 1368 1094 potest,
1398 1050 1438 1079 et
1468 1037 1543 1090 (li-⁸

105 1133 221 1166 cere,
271 1117 390 1172 quod
443 1117 656 1159 contraria
704 1116 784 1158 sibi
823 1115 1008 1157 scribere
1051 1114 1245 1156 videatur
1281 1116 1532 1171 Apostolus,

104 1209 203 1234 curn
223 1191 262 1246 ¹)
296 1193 342 1234 in
372 1193 583 1248 praesenti
613 1193 786 1249 quidem
815 1193 915 1233 loco
943 1191 1057 1241 dicit,
1086 1209 1178 1232 non
1198 1192 1356 1234 destrui
1384 1193 1533 1244 legem,

103 1271 178 1310 sed
210 1269 470 1319 confirmari,
498 1270 544 1310 in
573 1271 757 1311 secunda
786 1284 886 1309 vero
920 1269 973 1308 ad
1005 1267 1254 1310 Corinthios
1283 1268 1342 1310 ita
1370 1268 1532 1309 scribit:

107 1346 253 1400 „quod
269 1343 315 1400 ²)
346 1345 380 1387 si
408 1345 688 1388 ministerium
720 1345 869 1387 mortis
898 1344 943 1385 in
973 1344 1102 1386 literis
1131 1345 1365 1386 formatum
1395 1344 1440 1385 in
1471 1345 1535 1384 la-

106 1422 293 1479 pidibus,
321 1423 482 1463 factum
515 1433 574 1464 est
600 1422 646 1463 in
677 1421 824 1474 gloria,
853 1420 910 1462 ita
939 1433 985 1462 ut
1012 1438 1104 1462 non
1126 1433 1299 1477 possent
1314 1422 1536 1462 intendere

107 1499 185 1541 filii
215 1499 341 1540 Israel
385 1500 430 1540 in
468 1499 617 1540 faciem
660 1498 794 1540 Mosis
832 1510 1012 1555 propter
1047 1498 1224 1550 gloriam
1267 1499 1404 1539 vultus
1434 1495 1536 1554 ejus,

109 1591 220 1631 quae
254 1576 495 1624 destruitur,
525 1576 748 1630 quomodo
780 1592 870 1617 non
899 1573 1028 1626 magis
1058 1574 1338 1617 ministerium
1366 1575 1536 1630 spiritus

109 1651 188 1693 erit
216 1652 262 1693 in
292 1652 424 1704 gloria
438 1650 484 1692 ?“
516 1663 555 1692 et
583 1652 715 1707 paulo
746 1663 864 1707 post:
893 1651 953 1702 „si
970 1649 1015 1707 3)
1048 1651 1177 1700 enirn,
1209 1652 1329 1706 quod
1359 1650 1538 1692 destrui-

108 1739 191 1778 tur,
220 1745 300 1785 per
329 1729 508 1780 gloriam
540 1740 616 1780 est;
649 1728 786 1769 multo
818 1728 962 1780 magis,
993 1729 1112 1784 quod
1139 1738 1297 1776 manet,
1327 1727 1373 1768 in
1403 1726 1538 1779 gloria

111 1811 206 1848 est.“
264 1805 366 1848 Dici
405 1821 504 1858 ergo
535 1816 694 1862 potest,
727 1804 826 1860 quia
858 1806 991 1857 gloria
1020 1806 1156 1847 vultus
1185 1804 1333 1854 Mosis‚
1366 1820 1475 1859 quae
1492 1801 1537 1858 ⁴)

110 1884 359 1934 destruitur,
398 1895 438 1925 et
466 1885 575 1933 hoc,
613 1883 732 1938 quod
772 1881 894 1924 dicit:
931 1882 1051 1939 „si⁵)
1084 1880 1286 1936 enim,⁶)
1317 1881 1435 1937 quod
1466 1881 1540 1921 de-

110 1960 297 2011 struitur,
326 1977 405 2017 per
435 1960 614 2012 gloriam
644 1969 702 2001 est
715 1963 752 2000 :“
791 1958 1052 2001 contrarium
1083 1958 1216 2001 videri
1244 1957 1344 1999 huic
1371 1968 1539 1998 senten-

109 2034 207 2085 tiae,
236 2052 319 2092 qua
354 2036 624 2091 pronuntiat:
643 2035 687 2091 ⁷)
724 2051 817 2077 non
846 2036 1098 2079 destruimus
1125 2037 1262 2089 legem
1290 2049 1370 2090 per
1396 2034 1542 2082 fidem,

233 2221 276 2277 ¹)
309 2222 380 2263 Sic
409 2220 509 2264 Mss.
541 2222 595 2262 At
623 2222 847 2264 Rabanus:
878 2239 1001 2272 „eum
1042 2223 1088 2264 in
1127 2223 1338 2278 praesenti
1368 2221 1540 2277 quidem

113 2294 206 2319 non
237 2280 451 2320 destruere
480 2278 638 2329 legem,
674 2280 749 2320 sed
781 2281 1075 2320 confirmare.“
1132 2279 1251 2320 Editi
1282 2294 1382 2318 vero
1415 2278 1473 2333 (e.
1507 2294 1540 2317 c.

116 2335 213 2375 edd.
244 2334 351 2390 M.):
383 2351 507 2384 „cum
537 2335 581 2375 in
611 2335 820 2389 praesenti
861 2336 1034 2391 quidem
1067 2335 1167 2377 loco
1203 2335 1318 2385 dicit,
1345 2350 1436 2375 non
1468 2335 1542 2375 de-

114 2390 236 2432 struit
263 2392 411 2441 legem,
441 2391 516 2431 sed
546 2392 810 2433 confirmat.“
840 2391 891 2433 R.

231 2459 278 2516 ²)
308 2460 350 2500 II
383 2459 482 2502 Cor.
512 2458 586 2509 III,
616 2462 654 2504 7.
683 2460 724 2505 8.

233 2527 280 2585 3)
311 2529 352 2569 ΙΙ
384 2528 486 2571 Cor.
519 2529 590 2579 III,
621 2531 686 2575 11.

233 2598 279 2655 4)
310 2600 440 2641 Deest
468 2605 627 2656 „quae“
654 2600 701 2642 in
737 2603 799 2645 ed.
830 2599 891 2641 Μ.
921 2599 974 2642 II.

235 2673 287 2730 ⁵)
310 2675 351 2716 ΙΙ
382 2675 484 2717 Cor.
514 2676 586 2719 III.
619 2678 684 2722 11.

236 2749 282 2806 θ)
312 2751 423 2793 Edd.
443 2752 638 2795 Merlini:
667 2754 830 2797 sienim
855 2753 972 2810 quod
995 2750 1224 2794 destruitur
1245 2765 1324 2806 per
1349 2749 1542 2803 gloriam,

122 2807 333 2848 contraria
363 2808 506 2849 videri.

237 2882 282 2938 7)
311 2883 437 2925 Rom.
466 2884 540 2936 111,
568 2886 634 2930 31.

1186 2959 1241 3001 15
1262 2964 1284 2989 κ*
