1788 3111
198 80 284 124 320
535 77 761 121 Omcmns
789 89 837 121 m
865 77 944 121 Er.
973 89 1034 121 An
1065 79 1293 141 Rommos

198 191 489 248 superioribus
517 190 790 234 videbantur:
830 209 910 233 nec
938 193 1124 236 multum
1153 194 1374 247 interesse,
1416 200 1534 254 quod
1562 199 1624 241 ibi

196 270 243 311 in
275 287 422 311 omnes
451 269 645 311 homines
677 269 827 311 dixerit
855 271 1129 326 pertransisse
1158 284 1392 328 peccatum,
1423 275 1492 316 hic
1522 293 1623 318 vero

200 348 365 388 donum
396 359 437 388 et
465 347 641 401 gratiam
671 348 774 389 Jesu
808 347 963 389 Christi
992 348 1037 389 in
1066 350 1210 405 plures
1242 353 1492 403 abundasse,
1525 371 1624 396 cum

200 436 242 465 et
281 441 428 465 omnes
479 425 674 466 homines
715 425 859 480 plures
905 441 992 467 esse
1034 425 1346 480 intelligantur,
1395 441 1434 471 et
1479 432 1624 486 plures

202 519 350 543 omnes
380 501 558 555 intelligi
595 520 688 544 non
730 502 924 543 videatur
964 505 1210 554 absurdum,
1240 506 1422 548 maxime
1452 525 1550 549 cum
1578 508 1625 549 in

199 579 557 636 subsequentibus
611 580 722 621 dicat
760 579 966 636 apertius:
1004 581 1198 638 ‚‚sicut¹)
1235 599 1314 639 per
1351 584 1476 626 unius
1516 585 1623 627 deli-

199 670 314 699 ctum
343 657 386 698 in
420 674 566 698 omnes
597 656 791 699 homines
829 657 874 698 in
904 658 1326 711 condemnationem,
1367 660 1425 702 ita
1466 673 1507 703 et
1545 679 1624 718 per

196 735 324 776 unius
353 734 553 792 justitiam
595 734 641 775 in
681 752 828 776 omnes
859 735 1053 777 homines
1099 737 1152 777 ad
1191 735 1535 794 justificationem
1560 739 1622 781 vi-

197 819 304 855 tae.“
361 813 418 853 Et
460 824 508 853 ut
562 812 793 853 evidentius
839 815 1100 864 ostenderet,
1150 832 1297 857 omnes
1349 816 1543 859 homines
1583 829 1625 859 et

197 893 355 932 multos
387 889 580 931 homines
609 890 725 931 idem
749 907 847 940 esse,
879 890 1044 931 addidit
1061 891 1145 932 his:
1175 892 1369 951 „sicut²)
1404 895 1515 935 enim
1546 912 1625 951 per

196 968 532 1011 inobedientiam
581 968 706 1009 unius
751 966 934 1009 hominis
973 979 1215 1022 peccatores
1269 971 1487 1012 constituti
1525 984 1624 1013 sunt

197 1046 340 1096 multi,
382 1047 439 1087 ita
482 1057 523 1086 et
557 1062 636 1101 per
682 1045 807 1086 unius
848 1044 1136 1087 obedientiam
1174 1044 1273 1103 justi
1312 1049 1624 1090 constituentur

196 1124 361 1165 multi.“
416 1124 474 1164 Et
514 1124 632 1178 quod
672 1122 863 1177 superius
905 1138 1051 1163 omnes
1093 1122 1254 1165 dixerat
1292 1125 1508 1176 homines,
1553 1126 1622 1167 hic

198 1203 351 1242 eodem
382 1217 506 1241 sensu
535 1199 694 1240 multos
724 1198 971 1240 nominavit.
1031 1199 1123 1240 Nisi
1161 1200 1195 1241 si
1225 1201 1315 1256 quis
1348 1201 1471 1252 dicat,
1504 1204 1623 1259 quod

195 1278 325 1331 magis
355 1276 608 1333 permiscere
633 1289 673 1317 et
695 1277 961 1317 confundere
978 1277 1124 1318 volens
1154 1278 1383 1333 Apostolus
1413 1279 1471 1331 id,
1504 1281 1623 1336 quod

196 1355 388 1411 superius
419 1367 662 1410 aperuerat,
693 1371 770 1404 ne,
801 1365 849 1394 ut
880 1353 1072 1405 diximus,
1105 1354 1352 1397 dissolveret
1383 1373 1431 1398 ac
1460 1357 1621 1398 relaxa-

195 1445 262 1475 ret
291 1432 527 1481 audientes,
559 1448 652 1481 eos,
686 1447 792 1487 quos
824 1443 921 1472 ante
950 1438 1153 1482 „omnes“
1185 1433 1364 1485 dixerat,
1395 1433 1464 1475 hie
1494 1435 1620 1490 „plu-

196 1516 289 1552 rcs“
318 1508 572 1559 nominavit,
614 1520 661 1549 ut
692 1520 732 1550 et
760 1508 890 1558 illud,
923 1511 1041 1565 quod
1072 1517 1274 1562 „omnes“
1306 1511 1430 1562 dixit,
1461 1513 1515 1553 ad
1548 1529 1621 1555 eos

194 1589 496 1629 tantummodo
526 1586 836 1642 t1=al1eretur,³)
868 1587 939 1643 qui
971 1580 1135 1631 donum
1155 1588 1309 1630 Christi
1336 1589 1491 1642 gratiae
1515 1606 1619 1631 con-

196 1666 328 1708 secuti
357 1676 466 1715 sunt,
499 1663 572 1720 qui
600 1675 744 1704 tamen
773 1681 862 1704 non
894 1665 1032 1719 pauci,
1062 1668 1136 1707 sed
1173 1667 1317 1722 plures
1348 1678 1456 1707 sunt.
1515 1666 1617 1708 Ete-

195 1743 285 1784 nim
315 1742 446 1782 moris
487 1753 547 1782 est
577 1741 788 1796 Apostolo
819 1741 975 1792 Paulo,
1023 1760 1121 1783 cum
1162 1744 1215 1783 de
1245 1742 1504 1795 benignitate
1534 1742 1619 1784 Dei

197 1833 238 1862 et
274 1818 482 1861 ineffabili
529 1816 615 1875 ejus
656 1817 848 1859 bonitate
885 1818 1026 1874 aliqua
1070 1808 1326 1875 patefecerit,
1346 1818 1392 1875 4)
1447 1837 1617 1861 rursum

194 1910 373 1955 propter
400 1895 722 1950 negligentiores
771 1912 964 1951 quosque
1003 1896 1217 1938 auditores
1247 1897 1472 1952 paululum
1501 1898 1617 1938 velut

197 1990 441 2031 exasperare
483 1990 590 2029 quae
630 1972 754 2023 dixit,
798 1984 838 2014 et
880 1984 1042 2014 metum
1080 1973 1266 2029 aliquem
1306 1973 1616 2016 remissioribus

194 2054 425 2102 intentare,
462 2062 511 2092 ut
551 2068 648 2092 cum
687 2051 739 2092 de
776 2053 862 2092 fine
902 2050 1095 2092 omnium
1128 2051 1358 2093 Corinthiis
1401 2051 1618 2107 disputans

196 2131 273 2172 ait:
305 2129 499 2183 „sicut⁵)
542 2128 656 2169 enim
693 2127 737 2169 in
778 2129 918 2169 Adam
950 2127 1159 2185 011111036)
1190 2128 1457 2181 moriuntur,
1488 2128 1545 2170 ita
1577 2140 1618 2169 et

195 2209 239 2250 in
281 2208 448 2250 Christo
497 2223 644 2248 omnes
684 2206 1057 2247 vivificabuntur2“
1095 2217 1136 2246 et
1175 2207 1306 2261 paulo
1350 2218 1475 2262 post:
1514 2207 1614 2256 „de-

194 2287 355 2340 inde7)
395 2284 511 2334 finis,
552 2300 649 2325 cum
686 2282 909 2324 tradiderit
946 2300 1124 2337 regnum
1162 2284 1261 2325 Deo
1305 2295 1345 2324 et
1385 2283 1543 2340 patri,“
1575 2294 1615 2324 ct

315 2419 357 2476 ¹)
388 2420 515 2460 Rom.
546 2419 598 2468 V,
630 2420 694 2463 18.
813 2419 859 2475 ²)
889 2419 1015 2461 Rom.
1047 2420 1099 2470 V,
1132 2420 1197 2464 19.

311 2490 357 2546 ³)
388 2490 494 2530 B'Isc.
526 2507 658 2530 unus:
692 2491 987 2538 ,‚retrahcret.“
1017 2490 1069 2530 R.

310 2559 355 2615 4)
391 2559 526 2601 Alias:
558 2561 878 2616 „patesaceret,“
908 2560 959 2600 al.
990 2559 1253 2615 „patefacit.“
1283 2559 1334 2600 R.

311 2632 355 2686 ⁵)
386 2632 406 2671 I
440 2631 538 2672 Coi.
570 2632 665 2681 XV,
693 2631 761 2672 22.

310 2701 355 2754 ⁶)
386 2702 520 2742 Deest
559 2707 760 2752 „omnes“
802 2700 846 2742 in
885 2700 1003 2743 lib1is
1044 2712 1165 2742 antea
1197 2699 1329 2773 editis.
1360 2699 1412 2740 R.
1445 2723 1496 2731 -—
1526 2698 1610 2740 Ex-

195 2771 274 2801 stat
301 2763 504 2808 „omnes“
534 2758 577 2799 in
611 2759 705 2800 edd.
736 2757 798 2799 M.

310 2828 355 2883 ⁷)
386 2829 406 2868 I
440 2828 539 2870 Cor.
571 2830 666 2878 XV,
696 2829 764 2871 24.
