1788 3111
210 128 295 170 412
548 124 773 167 Omcffims
803 138 848 167 m
879 126 955 167 ΕΡ.
986 137 1045 167 An
1079 125 1312 168 Rommos·

214 240 382 297 expleto
413 255 489 290 eo,
534 239 653 296 quod
693 237 739 280 in
769 240 909 299 forma
939 238 1025 280 Dei
1066 238 1288 295 positus¹)
1329 240 1554 282 exinanivit
1584 258 1648 283 se-

213 330 303 361 met
332 318 486 374 ipsum,
518 328 558 358 et
587 318 772 358 formam
803 315 910 358 servi
941 316 1115 373 accepit,
1143 328 1184 359 et
1201 319 1336 360 factus
1355 330 1416 360 est
1443 318 1648 360 obediens

214 412 351 452 usque
380 396 434 436 ad
464 406 673 444 mortem,
716 411 886 435 rursum
916 406 1165 450 permaneat
1194 394 1238 436 in
1269 396 1410 437 forma
1439 395 1547 446 Dei,
1587 407 1650 436 at-

215 490 299 530 que
329 472 516 529 aequalis
539 470 667 513 Patri.
727 470 858 512 Unde
896 482 937 512 et
966 472 1119 515 merito
1151 472 1259 528 in2)
1291 472 1652 529 consequentibus

212 550 359 608 ponit:
389 550 471 601 „ita
491 550 537 603 3)
569 561 609 591 et
639 566 714 591 vos
746 548 978 591 existimate
1007 567 1082 592 vos
1112 563 1308 594 mortuos
1350 550 1524 607 quidem
1565 565 1651 592 esse

212 639 411 684 peccato,
456 627 641 668 viventes
684 638 825 667 autem
867 627 966 669 Deo
1011 627 1057 668 in
1100 628 1271 670 Christo
1312 629 1415 670 Jesu
1456 627 1651 669 Domino

214 710 412 746 nostro:“
443 721 529 760 quo
561 704 720 746 scilicet
750 703 988 745 imitatione
1025 704 1181 747 Christi
1207 717 1384 761 peccato
1415 704 1654 746 moriamur

214 781 342 824 alieni
374 782 428 822 ab
460 797 510 822 eo
544 781 707 831 effecti,
749 793 790 823 et
819 781 917 823 Deo
950 781 1137 824 vivamus
1178 781 1400 840 jungentes
1429 800 1509 825 nos
1523 783 1570 840 4)
1603 783 1652 832 ei,

216 859 316 914 et5)
356 876 467 900 unus
508 875 607 900 cum
643 858 736 915 ipso
778 857 948 914 spiritus
988 858 1100 901 facti.
1158 860 1260 900 Non
1298 860 1388 902 sine
1421 877 1546 903 causa
1577 877 1652 901 au·
1700 877 1705 879 ·

214 948 299 978 tem
319 936 364 992 6)
399 937 483 977 hoc
515 936 637 977 dixit:
682 935 1003 990 ,‚existimate⁷)
1042 953 1117 978 vos
1157 948 1353 979 mortuos
1384 954 1473 979 esse
1501 955 1652 995 pecca-

214 1018 320 1055 to:“
353 1015 472 1070 quod
501 1014 654 1055 melius
688 1013 863 1070 quidem
894 1014 939 1054 in
972 1013 1140 1055 Graeco
1158 1015 1414 1070 habemns)
1447 1015 1654 1069 „cogitate

214 1107 290 1132 vos
321 1103 518 1132 mortuos
550 1107 637 1132 esse
666 1097 885 1147 peccato.“
945 1092 1030 1132 Res
1064 1091 1190 1140 enim,
1221 1093 1274 1132 de
1301 1109 1383 1148 qua
1408 1109 1548 1135 sermo
1582 1105 1657 1143 est,

215 1168 260 1209 in
292 1168 550 1222 cogitatione
579 1168 711 1221 magis
753 1180 794 1209 et
835 1168 1002 1209 ratione
1046 1167 1245 1218 subsistit,
1279 1168 1377 1224 quia
1407 1168 1655 1227 hujusmodi

215 1264 331 1288 mors
369 1263 461 1288 non
501 1246 545 1288 in
597 1248 775 1297 effectu,
823 1246 897 1288 sed
939 1244 986 1286 in
1033 1245 1291 1299 cogitatione
1336 1248 1531 1288 habenda
1583 1259 1655 1289 est.

217 1323 307 1379 Qui
340 1323 454 1365 enim
495 1323 650 1377 cogitat
689 1324 756 1365 vel
788 1322 994 1365 existimat
1034 1324 1151 1379 apud
1181 1335 1313 1365 semet
1341 1323 1507 1379 ipsum,
1537 1340 1654 1365 mor—

217 1414 340 1443 tuum
357 1402 403 1458 9)
435 1419 479 1444 se
512 1419 610 1452 esse,
641 1417 733 1443 non
761 1412 921 1459 peccat.
980 1400 1114 1441 Verbi
1144 1400 1296 1454 gratia:
1330 1400 1364 1443 si
1399 1417 1469 1442 me
1500 1418 1658 1443 concu-

217 1473 422 1530 piscentia
451 1473 642 1515 mulieris
672 1474 829 1524 trahat,
849 1471 918 1529 ιο)
951 1471 985 1513 si
1015 1471 1198 1524 argenti,
1230 1471 1263 1513 si
1295 1470 1405 1522 auri,
1430 1471 1465 1513 si
1493 1471 1659 1528 praedii

218 1549 428 1606 cupiditas
459 1551 623 1606 pulset,
668 1563 709 1592 et
738 1568 901 1608 ponam
932 1549 978 1590 in
1007 1551 1139 1591 corde
1168 1566 1280 1600 meo,
1313 1550 1431 1606 quod
1461 1562 1657 1591 mortuus

218 1627 297 1669 sim
329 1645 427 1669 cum
461 1628 658 1679 Christo,
690 1641 730 1670 et
754 1630 808 1671 de
837 1640 978 1670 morte
1009 1627 1214 1681 cogitem,
1246 1627 1522 1681 exstinguitur
1552 1644 1656 1670 con-

220 1705 342 1746 tinuo
378 1705 735 1762 concupiscentia,
772 1718 812 1747 et
841 1707 1055 1758 effugatur
1087 1717 1324 1761 peccatum.
1373 1706 1460 1747 Aut
1490 1705 1523 1747 si
1554 1705 1656 1747 odio

220 1782 285 1823 vel
326 1781 388 1823 ira
427 1782 714 1824 inflammatus
755 1785 808 1824 ad
847 1799 998 1824 necem
1035 1782 1225 1824 conciter
1271 1782 1434 1824 inimici
1472 1782 1581 1834 mei3
1624 1782 1659 1824 si

219 1875 288 1900 me
320 1859 553 1901 existimem
582 1872 805 1902 mortuum
844 1876 932 1901 esse
977 1877 1076 1902 cum
1117 1859 1310 1910 Christo,
1351 1872 1391 1901 et
1435 1859 1656 1914 cogitatio-

219 1953 293 1979 nes
335 1938 486 1979 mortis
520 1955 681 1994 ponam
722 1937 768 1978 in
810 1936 953 1979 animo
999 1954 1120 1987 meo,
1162 1936 1528 1994 exstinguitur¹¹)
1569 1936 1658 1979 sine

222 2014 356 2057 dubio
389 2017 532 2066 furor,
571 2026 704 2058 cessat
734 2013 904 2064 odium,
950 2014 1213 2072 conquiescit
1241 2014 1325 2066 ira,
1361 2026 1538 2072 peccato
1568 2031 1658 2056 non

343 2150 386 2205 ¹)
417 2151 500 2191 Ed.
528 2151 591 2192 M.
622 2150 676 2192 Π.
707 2150 839 2190 male:
871 2150 1026 2206 potius.
1058 2176 1111 2183 —
1145 2149 1233 2193 Cfr.
1258 2149 1445 2206 Philipp.
1475 2150 1530 2199 II,
1563 2150 1599 2192 7.
1620 2149 1659 2193 8.

255 2278 264 2287 ⁶
343 2221 394 2320 ²1}
419 2220 538 2263 Editi
577 2223 636 2278 (e.
679 2240 713 2264 c.
755 2223 849 2265 edd.
891 2221 1001 2278 Μ.);
1033 2221 1104 2272 „in
1135 2220 1413 2277 consequenti
1443 2220 1547 2261 haec
1577 2235 1656 2275 po-

221 2284 323 2320 n1t.“
398 2315 406 2324 ,

339 2349 384 2404 3)
414 2349 541 2391 Rom.
573 2350 647 2399 VI,
678 2352 744 2395 11.
864 2348 910 2403 4)
941 2349 1021 2390 Ed.
1051 2348 1113 2390 M.
1143 2349 1199 2391 Π.
1228 2348 1361 2389 male:
1393 2364 1484 2389 non
1513 2345 1562 2388 ei.

342 2421 388 2474 ⁵)
422 2420 634 2461 Merlinus
675 2432 716 2462 et
755 2420 1081 2462 Genebrardus:
1126 2430 1199 2470 „ut
1227 2419 1353 2461 unius
1385 2418 1506 2475 (edd.
1539 2417 1657 2459 Mer-

222 2475 320 2518 lini:
353 2477 493 2532 unus)
527 2494 625 2518 cum
655 2477 747 2533 ipso
780 2477 949 2533 spiritus
981 2475 1120 2517 facti.“
1151 2476 1203 2518 R.

342 2547 388 2603 ⁶)
421 2549 555 2589 Deest
584 2553 780 2598 „autem“
812 2548 857 2589 in
887 2548 984 2590 edd.
1013 2547 1076 2588 Μ.
1198 2546 1244 2601 7)
1273 2546 1400 2588 Rom.
1432 2545 1507 2595 VI,
1538 2545 1602 2589 11.

340 2617 386 2671 ⁸)
417 2619 529 2661 Edd.
560 2617 759 2660 Merlini:
792 2618 933 2660 habet.

345 2688 391 2745 ⁹)
420 2689 533 2730 Edd.
565 2688 762 2730 Merlini:
796 2705 883 2730 esse
914 2704 958 2730 se
987 2698 1222 2729 mortuum.

316 2758 388 2815 ¹⁰)
419 2760 534 2801 Edd.
565 2759 763 2800 Merlini:
795 2759 934 2800 trahit.

317 2830 388 2885 ΙΙ)
419 2831 533 2871 Edd.
571 2829 768 2870 Mcrlini:
811 2828 1086 2882 exstinguitur
1131 2827 1220 2871 sine
1261 2826 1395 2870 dubio
1426 2825 1511 2878 ira,
1540 2826 1663 2868 furor

226 2898 367 2936 cessat,
401 2887 551 2929 odium
581 2886 856 2942 conquiescit,
885 2898 1061 2943 peccato
1095 2897 1171 2928 etc.
