1788 3111
167 111 252 157 182
504 109 727 154 Omenms
756 123 802 155 m
830 112 909 154 Et».
939 120 999 153 An
1031 108 1273 153 RomAnos·

170 239 272 277 ergo
303 223 525 280 completis
561 226 798 282 praeceptis
830 223 1043 268 addiderit
1084 223 1209 265 etiam
1250 223 1359 276 hoc,
1394 237 1442 266 ut
1471 224 1595 278 virgi-

172 302 345 343 nitatem
385 302 617 353 custodiat,
668 319 759 344 non
807 301 894 360 jam
935 301 1094 344 inutilis
1133 316 1297 352 servus,
1342 303 1417 344 sed
1453 319 1594 346 servus

171 381 312 421 bonus
343 391 384 421 et
411 379 547 422 fidelis
576 379 811 421 vocabitur.
868 379 926 420 Et
953 379 1108 420 iterum
1138 389 1417 435 praeceptum
1449 391 1518 431 est,
1549 391 1597 420 ut

172 457 230 507 hi,
249 456 291 513 ¹)
322 457 395 513 qui
424 456 700 509 Evangelium
733 455 1012 506 annuntiant,
1043 457 1096 497 de
1122 455 1356 508 Evangelio
1384 454 1596 512 vivant.²)

172 528 332 578 Paulus
360 546 503 576 tamen
534 533 657 583 dicit,
689 532 785 589 quia
825 531 1034 587 ,‚nullo³)
1064 532 1222 574 horum
1253 550 1351 575 usus
1380 537 1529 585 sum;“
1558 544 1599 574 et

172 610 272 653 ideo
316 627 408 653 non
454 610 614 652 inutilis
663 621 751 651 erat
796 626 960 659 servus,
1007 612 1082 652 sed
1127 610 1263 652 fidelis
1314 621 1354 651 et
1397 611 1598 665 prudens.

174 688 363 739 „Omnes
377 686 424 743 ⁴)
463 703 561 739 ergo
593 687 934 738 declinaverunt,
973 686 1100 729 simul
1135 687 1304 729 inutiles
1333 687 1434 729 facti
1462 693 1600 730 sunt.“

177 764 347 820 Quibus
378 765 562 806 addidit:
601 781 718 814 „non
736 764 780 820 ⁵)
811 776 868 807 est
898 765 971 820 qui
1001 764 1128 807 faciat
1156 764 1478 821 bonitatem,⁶)
1507 782 1600 808 non

177 854 235 884 est
254 858 388 898 usque
407 842 461 884 ad
480 845 656 882 unum.“
691 840 840 883 Gravis
855 842 1072 893 sententia,
1086 852 1126 883 et
1140 857 1248 897 quae
1258 842 1430 884 difficile
1442 841 1601 885 adstrui

173 919 317 975 possit.
358 919 599 974 Quomodo
624 919 736 961 enim
757 919 922 961 videtur
939 921 1032 963 fieri
1050 936 1186 976 posse,
1214 919 1384 960 nullum
1404 920 1600 971 omnino,

175 997 343 1037 nullum
363 1012 498 1053 usque
515 999 569 1039 ad
586 1014 735 1048 unum,
765 998 830 1039 vel
852 997 899 1039 in
920 997 1095 1039 Judaeis
1128 997 1193 1037 vel
1212 996 1258 1037 in
1281 995 1454 1039 Graecis
1480 997 1600 1039 inve-

174 1073 259 1115 niri
281 1073 325 1129 ⁷)
346 1073 545 1130 potuisse,
567 1074 640 1141 qui
659 1076 816 1116 faceret
832 1072 1100 1116 bonitatem?
1129 1073 1299 1115 Siccine
1313 1072 1359 1128 ⁸)
1377 1075 1603 1126 credimus,

177 1152 296 1206 quod
327 1151 469 1193 nullus
497 1150 648 1202 fuerit,
679 1152 751 1205 qui
780 1152 844 1192 vel
874 1149 1087 1205 hospitem
1117 1150 1349 1205 aliquando
1381 1152 1602 1208 receperit,

179 1229 242 1268 vel
274 1228 472 1269 esurienti
501 1243 658 1283 panem
699 1226 885 1277 dederit,
923 1228 988 1268 vel
1025 1227 1192 1267 nudum
1228 1227 1393 1278 texerit,
1433 1229 1498 1269 vel
1535 1229 1603 1270 in-

177 1315 406 1345 nocentem
439 1306 493 1346 de
522 1304 720 1346 manibus
749 1304 937 1360 potentis
971 1304 1195 1360 eripuerit,
1235 1304 1301 1345 vel
1329 1305 1412 1346 tale
1442 1305 1604 1361 aliquid

178 1381 285 1422 boni
321 1381 460 1437 operis
492 1380 647 1433 egerit?
705 1382 807 1424 Non
842 1381 949 1424 mihi
985 1382 1153 1424 videtur
1189 1393 1277 1423 tam
1307 1380 1606 1425 incredibilem

177 1474 422 1500 sermonem
460 1458 642 1501 voluisse
686 1475 868 1501 asserere
905 1459 1063 1501 Paulus
1103 1458 1357 1516 Apostolus:
1400 1460 1474 1501 sed
1519 1459 1605 1500 hoc

177 1537 312 1577 modo
344 1536 669 1588 intelligendum
699 1548 828 1592 puto,
869 1538 986 1593 quod
1016 1548 1139 1589 neget
1169 1553 1428 1593 quemquam
1458 1536 1604 1578 fecisse

179 1613 430 1655 bonitatem.
488 1613 620 1654 Verbi
650 1614 803 1665 gratia,
841 1616 955 1656 velut
983 1614 1017 1656 si
1051 1614 1143 1669 quis
1172 1615 1450 1655 fundamenta
1478 1611 1605 1670 jaciat

181 1691 349 1740 domus,
380 1701 419 1730 et
448 1706 583 1730 unum
617 1701 687 1730 aut
718 1691 826 1732 duos
855 1693 1034 1747 parietes
1066 1702 1256 1741 exstruat,
1288 1689 1448 1746 aliquid
1478 1690 1605 1732 etiam

178 1766 382 1807 materiae
405 1767 626 1816 convehat,
654 1768 866 1824 numquid
888 1768 1052 1809 dicetur
1070 1768 1215 1809 fecisse
1238 1769 1432 1818 domum,
1456 1783 1607 1823 quam-

179 1843 238 1884 vis
268 1853 467 1898 operatus
497 1843 690 1886 videatur
724 1844 768 1886 in
801 1843 964 1886 domo?
1022 1844 1109 1886 Sed
1147 1845 1221 1886 ille
1260 1847 1424 1886 dicetur
1439 1843 1484 1901 9)
1526 1847 1607 1887 do-

179 1937 299 1961 mum
340 1920 509 1968 secisse,
556 1921 628 1977 qui
671 1922 799 1964 totius
843 1921 1025 1965 aedificii
1068 1923 1123 1963 ad
1165 1923 1402 1979 perfectum
1441 1922 1607 1974 singula

181 2013 377 2054 quaeque
405 1999 601 2039 membra
631 1998 887 2054 perduxerit.
908 1998 985 2056 ¹⁰).
1025 1999 1088 2041 Ita
1121 1999 1307 2041 arbitror
1327 2010 1366 2041 et
1393 1998 1463 2040 hic
1486 2001 1606 2054 Apo-

178 2075 338 2118 stolum
371 2074 524 2125 dicere,
552 2076 770 2119 neminem
788 2077 934 2120 fecisse
961 2076 1213 2127 bonitatem,
1243 2076 1328 2118 hoc
1347 2087 1418 2128 est,
1443 2076 1603 2118 anullo

301 2230 345 2286 ¹)
374 2231 505 2272 Deest
533 2230 644 2281 „hi“
672 2231 715 2272 in
748 2232 843 2274 edd.
872 2231 935 2272 M.

299 2301 346 2357 2)
377 2301 397 2341 I
428 2300 530 2342 Cor.
561 2302 636 2351 IX,
668 2303 732 2346 14.
850 2301 898 2358 3)
927 2301 947 2342 Ῑ
980 2299 1081 2343 Cor.
1112 2300 1189 2351 IX,
1218 2300 1284 2344 15.

298 2369 345 2424 ⁴)
375 2370 503 2413 Rom·
534 2371 607 2422 ΠΙ,
638 2374 703 2416 12.
738 2373 835 2414 coll.
868 2372 1022 2415 Psalm.
1052 2371 1170 2421 XIV,
1199 2372 1237 2415 3.
1268 2368 1432 2426 (XIII.)

300 2441 345 2495 ⁵)
377 2441 503 2481 Rom.
535 2442 607 2491 III,
638 2443 701 2483 12.
737 2444 835 2484 coll.
865 2443 1020 2484 Psalm.
1048 2441 1165 2492 XIV,
1196 2444 1231 2487 1.
1256 2442 1296 2485 3.
1326 2441 1492 2497 (XIII.)

299 2511 345 2566 6)
378 2509 464 2552 Cfr.
495 2527 588 2567 pag.
621 2513 714 2556 174.
743 2525 832 2554 not.
862 2514 901 2555 5.

300 2581 346 2636 ⁷)
376 2582 456 2623 Ed.
487 2582 548 2622 Μ.
580 2581 638 2622 ll:
672 2581 870 2623 invenire.

298 2651 344 2707 ὃ)
376 2652 489 2694 Alias
519 2652 576 2707 (v.
610 2669 642 2692 c.
673 2651 714 2691 in
749 2653 843 2693 edd.
875 2651 980 2707 Mm)
1021 2651 1100 2701 „Si
1138 2651 1183 2692 in
1220 2650 1268 2694 iis
1308 2650 1518 2693 credimus
1551 2676 1598 2684 -

184 2708 322 2764 operis
355 2711 506 2760 egerit:
536 2725 626 2749 non
658 2708 762 2749 mihi
795 2709 993 2750 videtur“
1025 2719 1100 2752 etc.
1141 2707 1189 2751 R.

299 2778 345 2832 9)
374 2778 485 2819 Edd.
519 2779 712 2820 Mcrlini:
745 2779 908 2821 dicitur.

277 2849 347 2902 ¹⁰)
380 2848 486 2890 Edd.
518 2849 712 2890 Mcrlini:
745 2850 1003 2906 produxerit.
