1788 3111
490 133 524 175 C
530 143 929 176 OMMENTAmORUM
958 132 1047 174 Lm.
1077 132 1149 173 ΙΙΙ.
1441 134 1524 177 217

121 266 247 307 quam
272 264 397 304 supra
419 246 609 296 diximus,
639 247 860 287 observare
878 244 1076 294 tenacius,
1106 246 1328 300 quomodo
1350 245 1392 302 ¹)
1411 265 1525 289 nunc

119 324 448 367 circumcisionis
478 339 655 372 causam,
682 338 797 362 nunc
826 321 1055 377 praeputii,
1083 320 1128 361 id
1160 334 1229 372 est,
1258 322 1526 365 Judaeorum

116 404 182 443 vel
224 401 478 450 Gentilium,
509 401 686 442 discreto
725 397 1095 453 semper,tramite
1132 411 1422 454 prosequatur.
1480 400 1528 442 Si

117 478 229 519 enim
260 479 481 534 paululum
524 476 624 532 quid
662 476 813 527 fugerit
842 476 1068 525 legentem,
1111 475 1316 516 continuo
1356 488 1527 529 angusta

115 554 280 609 haec²)
312 566 350 595 et
380 554 491 594 exilis
518 551 815 602 intelligentiae
842 552 988 593 semita
1012 552 1340 607 perturbabitur.
1397 553 1529 604 Igitur

116 648 214 672 cum
243 631 433 686 superius
465 628 767 683 ostendisset³>
797 630 1047 684 Apostolus,
1084 631 1185 683 quid
1218 640 1318 671 esset
1348 630 1528 684 amplius

113 708 306 756 Judaeo,
356 717 426 746 aut
472 721 580 760 quae
634 705 786 746 utilitas
833 704 1179 746 circumcisionis:
1228 718 1267 745 et
1306 707 1529 757 docuisset,

115 783 213 838 quia
242 782 388 839 primis
404 781 448 836 4>
478 781 558 822 illis
602 781 758 824 credita
800 794 896 823 sunt
925 782 1093 837 eloquia
1124 782 1219 833 Dei,
1250 794 1288 823 et
1316 799 1393 838 per
1424 784 1530 825 haec

114 859 221 900 visus
252 859 390 899 suisset
422 859 619 898 extollere
649 874 798 899 eorum
827 857 1092 914 jactantiam,
1134 877 1216 915 qua
1247 861 1464 901 adversum
1483 860 1528 912 ⁵)

115 933 301 976 Gentiles
332 933 432 985 erigi
460 935 619 975 solent:
660 945 892 975 et-rursum
925 948 1071 977 contra
1103 938 1207 978 haec
1237 938 1281 978 in
1319 939 1530 993 sequenti-

110 1011 249 1065 husfi)
290 1009 525 1068 objecisset,
569 1009 767 1067 justitiam
808 1011 892 1052 Dei
939 1029 1016 1067 per
1058 1014 1185 1054 fidem
1230 1015 1331 1056 Jesu
1375 1014 1531 1057 Christi

113 1103 199 1129 esse
235 1087 281 1129 in
325 1104 499 1138 omnes,
540 1088 613 1143 qui
653 1090 851 1138 credunt,
894 1106 1033 1145 neque
1061 1091 1218 1132 habere
1248 1092 1433 1146 aliquam
1464 1093 1531 1134 di-

112 1164 402 1214 stinctionem,
431 1166 505 1206 sed
536 1180 684 1205 omnes
715 1165 936 1220 deliquisse
965 1168 1152 1209 Judaeos
1183 1179 1221 1207 et
1252 1166 1462 1218 Graecos,
1493 1181 1532 1211 et

115 1257 233 1292 egere
263 1241 396 1293 gloria
425 1240 530 1289 Dei,
570 1252 608 1280 et
643 1238 856 1297 justificari
892 1258 970 1297 per
1010 1243 1184 1293 gratiam
1223 1261 1271 1285 ac
1300 1246 1528 1287 redemtio-

117 1334 230 1368 nem,
260 1334 368 1373 quae
399 1328 458 1358 est
485 1315 531 1357 in
564 1315 730 1357 Christo
762 1318 883 1358 Jesu:
913 1319 1138 1374 ipsumque
1169 1336 1252 1361 esse
1276 1322 1531 1377 propitiato-

116 1394 226 1435 rium
257 1410 335 1449 per
361 1395 517 1442 fidem,
562 1404 601 1433 et
637 1391 853 1449 justificari
893 1396 945 1435 ab
991 1411 1040 1436 eo
1074 1398 1329 1452 omnem,⁷)
1371 1399 1443 1454 qui
1484 1417 1532 1441 ex

115 1472 202 1512 fide
232 1482 309 1513 est:
349 1486 464 1510 nunc
492 1468 600 1527 jam,
641 1472 753 1510 velut
783 1472 1100 1513 conclusionem
1132 1473 1406 1516 assertionum
1436 1494 1534 1518 sua-

116 1563 211 1587 rum
241 1562 420 1601 ponens,
449 1546 493 1587 in
523 1547 607 1587 hoc
640 1548 739 1588 loco
772 1547 892 1589 dicit:
921 1548 1021 1597 „ubi
1037 1548 1083 1603 ⁸)
1117 1561 1175 1590 est
1206 1566 1304 1602 ergo
1337 1553 1530 1603 gloriatio

112 1621 215 1663 tua?
243 1622 421 1663 Exclusa
453 1634 521 1664 est.
577 1623 661 1663 Per
689 1639 816 1678 quam
845 1623 1009 1674 legem?
1050 1625 1276 1680 Operum?
1307 1628 1429 1668 Non:
1458 1630 1533 1672 sed

112 1715 192 1756 per
227 1701 364 1751 legem
403 1700 514 1741 fidei.
591 1700 862 1741 Arbitramur
904 1701 1015 1741 enim
1055 1700 1270 1757 justificari
1311 1703 1533 1755 hominem

113 1794 194 1832 per
221 1778 374 1826 fidem,
413 1776 503 1818 sine
543 1777 739 1831 operibus
780 1776 934 1828 legis:“
974 1789 1012 1818 et
1043 1778 1143 1820 dicit
1174 1781 1366 1822 sufficere
1402 1782 1534 1837 solius

115 1852 216 1895 fidei
245 1852 607 1911 justificationem,
649 1853 705 1893 ita
735 1863 782 1892 ut
812 1855 986 1896 credens
1017 1855 1107 1911 quis
1136 1860 1436 1899 tantummodo
1466 1858 1538 1916 ju-

116 1930 332 1980 stificetur,
359 1929 518 1970 etiamsi
546 1929 654 1970 nihil
684 1932 736 1970 ab
767 1945 818 1970 eo
852 1931 989 1986 operis
1019 1932 1145 1973 fuerit
1169 1934 1390 1988 expletum.
1447 1935 1537 1976 Im-

118 2006 252 2047 minet
279 2006 406 2057 igitur
434 2004 573 2055 nobis,
604 2006 678 2061 qui
705 2006 911 2057 integram
945 2023 1029 2048 esse
1055 2009 1306 2063 scripturam
1336 2011 1535 2065 Apostoli

118 2099 327 2123 conamur
357 2097 549 2131 asserere,
588 2093 629 2122 et
658 2082 809 2124 ordine
845 2099 922 2123 suo
954 2094 1105 2124 cuncta
1136 2096 1348 2137 constare,
1391 2099 1439 2128 ut
1467 2104 1533 2130 re-

236 2260 281 2317 1)
312 2262 425 2304 Alias
455 2261 514 2318 (v.
547 2279 580 2302 c.
610 2260 653 2302 in
686 2264 749 2303 ed.
784 2262 843 2305 M.
874 2262 967 2316 II.):
998 2281 1109 2320 „quo
1141 2271 1298 2307 nunc.“
1327 2267 1377 2309 R.

233 2333 280 2386 ²)
311 2332 449 2373 Alias:
501 2332 606 2382 „hac
652 2332 951 2384 intelligentiae
999 2335 1195 2377 semita.“
1241 2336 1294 2386 R,
1325 2363 1377 2371 —-
1415 2339 1527 2383 Edd.

119 2387 314 2429 Merlini:
343 2389 474 2438 „haec
502 2388 801 2441 intelligentiae
827 2389 1012 2438 semita.“

233 2458 280 2511 3)
315 2457 441 2498 Rom.
472 2457 544 2507 III,
573 2459 609 2499 1.

234 2527 279 2582 ¹²)
310 2528 420 2570 Edd.
458 2526 652 2567 Merlini:
693 2527 840 2583 primis
888 2530 1046 2573 credita
1092 2545 1187 2575 sunt
1233 2533 1313 2576 illis
1361 2548 1435 2577 etc.
1478 2561 1526 2570 -

122 2583 208 2626 Cfr.
236 2583 361 2625 Rom.
388 2584 463 2634 ΠΙ,
490 2586 528 2626 2.

235 2652 281 2707 ⁵)
310 2652 420 2694 Edd.
450 2651 644 2693 Merlini:
674 2654 879 2698 adversus.

236 2721 284 2776 ὅ)
312 2722 436 2765 Rom.
465 2723 540 2773 III,
567 2725 763 2768 22—26.

238 2789 285 2845 ⁷)
312 2792 442 2834 Deest
468 2793 511 2834 in
552 2794 671 2834 editis
708 2795 768 2851 (v.
801 2814 833 2838 c.
876 2797 922 2839 in
953 2798 1046 2841 edd.
1076 2797 1179 2854 M.):
1211 2803 1446 2848 „omnem.“
1479 2800 1526 2843 R.

238 2858 285 2914 ⁹)
315 2859 440 2903 Rom.
466 2862 539 2915 III,
566 2863 631 2907 27.
658 2864 728 2908 28.
