1788 3111
481 116 924 159 communionum
954 113 1044 157 Lm.
1074 113 1147 155 IV.
1445 114 1532 159 239

107 232 252 276 debito
298 229 688 274 remunerationem
735 226 820 269 Dei
866 228 1092 283 deposcat,
1136 242 1235 267 cum
1280 224 1405 269 etiam
1446 227 1532 270 hoc

104 311 267 367 ipsum,
314 310 434 366 quod
475 323 598 359 agere
636 303 796 360 aliquid
833 319 1081 360 possumus,
1114 304 1183 344 vel
1223 304 1430 356 cogitare,
1468 306 1535 347 vel

105 384 323 445 proloqui,
352 385 481 440 ipsius
513 386 630 425 dono
669 393 709 423 et
736 380 960 432 largitione
987 380 1205 423 faciamus.
1267 380 1399 436 Quod
1432 398 1532 435 ergo

107 464 186 506 erit
215 463 405 504 debitum
443 462 567 510 illius,
606 458 783 515 cujus1)
827 473 921 509 erga
959 475 1040 500 nos
1083 460 1236 500 foenus
1278 459 1536 514 praecessit?

106 541 163 583 Et
191 541 291 582 ideo
321 541 550 582 videndum
583 535 714 588 magis
745 548 825 586 est,
857 552 911 576 ne
941 537 1074 585 sorte,
1105 537 1223 591 quod
1256 535 1378 577 dixit:
1407 538 1471 586 „ei
1486 537 1532 593 2)

106 630 261 667 autem,
293 617 364 672 qui
396 627 610 672 operatur,
636 629 797 655 merces
825 615 1062 655 secundum
1093 612 1285 655 debitum
1315 614 1535 669 reputabi-

106 701 225 738 tur:“
250 693 406 737 'sinistri
435 693 566 744 magis
600 691 741 747 operis
768 691 1089 742 intelligendum
1110 690 1163 732 sit
1182 691 1387 732 debitum.
1444 692 1535 732 De-

107 774 196 814 bita
227 771 380 813 etenim
396 770 441 827 3)
472 780 646 826 peccata
666 768 750 810 dici
766 769 809 810 in
839 767 988 810 divinis
1013 768 1303 811 voluminibus
1332 770 1536 824 frequen-

107 862 172 892 ter
201 849 400 897 invenies,
429 859 477 887 ut
506 847 596 902 ipse
625 846 841 888 Dominus
879 845 925 886 in
957 845 1153 887 oratione
1181 863 1260 888 nos
1291 846 1441 887 docuit
1471 847 1536 889 di-

109 944 224 969 cere:
253 925 443 977 „dimitte
460 923 506 980 4)
535 925 661 965 nobis
689 923 829 964 debita
860 935 1018 971 nostra,
1045 923 1153 964 sicut
1181 935 1221 964 et
1250 940 1330 965 nos
1362 924 1536 965 dimitti-

108 1022 202 1046 mus
236 1002 499 1044 debitoribus
531 999 738 1042 nostris:“
779 1012 820 1041 et
858 1000 1013 1041 iterum
1050 1017 1148 1042 cum
1189 1000 1291 1041 dicit
1318 1000 1409 1057 ipse
1438 1002 1535 1042 Do-

107 1082 271 1123 minus:
301 1077 559 1134 „cuidam⁵)
589 1077 879 1134 patrifamilias
899 1090 1019 1119 erant
1048 1079 1134 1119 duo
1162 1078 1396 1120 debitores:
1425 1096 1536 1120 unus

108 1160 294 1200 debebat
333 1155 528 1198 denarios
572 1155 838 1210 quingentos,
875 1167 915 1197 et
959 1155 1062 1197 alius
1105 1155 1456 1211 quinquaginta:“
1498 1167 1538 1197 et

108 1237 194 1277 hoc
224 1237 277 1276 de
305 1231 487 1290 peccatis
518 1233 602 1273 dici
629 1232 720 1287 ipse
747 1232 1044 1288 interpretatus
1075 1245 1146 1275 est.
1202 1233 1269 1274 Ne
1294 1235 1406 1274 forte
1437 1249 1535 1285 ergo

109 1325 150 1354 et
178 1312 222 1353 in
253 1312 336 1351 hoc
366 1310 466 1350 loco
502 1311 744 1351 mercedem
764 1311 919 1366 operis,
948 1326 1055 1366 quae
1073 1312 1309 1351 secundum
1342 1310 1534 1352 debitum

109 1390 316 1436 redditur,
348 1389 401 1428 ad
431 1387 546 1427 hune
576 1404 765 1437 sensum,
809 1405 935 1444 quem
965 1404 1093 1443 supra
1127 1386 1317 1436 diximus,
1347 1388 1536 1443 Aposto-

110 1468 174 1508 lus
202 1465 372 1506 traxerit
402 1466 455 1505 de
486 1464 562 1514 his,
594 1466 667 1521 qui
696 1464 752 1505 ita
781 1476 1040 1519 operantur,
1083 1464 1192 1506 sicut
1222 1475 1260 1504 et
1291 1462 1400 1504 Cain
1433 1480 1537 1519 ope-

107 1555 221 1586 ratus
253 1554 311 1584 est
348 1554 526 1583 terram:
559 1553 598 1583 et
634 1543 742 1584 sicut
781 1541 881 1582 alibi
912 1541 1030 1582 dicit:
1069 1540 1298 1591 „discedite
1315 1540 1360 1594 6)
1404 1555 1427 1580 a
1456 1555 1538 1589 me,

111 1619 299 1677 operarii
334 1618 623 1673 iniquitatis:“
671 1619 825 1673 quibus
865 1619 1013 1674 utique
1050 1619 1170 1674 quasi
1210 1617 1353 1658 debita
1393 1632 1537 1672 poena

107 1714 190 1754 pro
220 1697 419 1737 mercede
445 1694 676 1751 iniquitatis
707 1695 943 1738 exsolvitur.
1018 1695 1147 1736 Unde
1183 1694 1300 1735 idem
1349 1694 1537 1749 Aposto-

110 1775 175 1815 lus
204 1773 250 1814 in
280 1773 364 1814 alio
406 1773 531 1813 loco:
572 1772 882 1828 „stipendia,⁷)
912 1772 1070 1829 inquit,
1100 1771 1263 1828 peccati
1293 1776 1465 1812 mors:“
1498 1781 1539 1811 et

109 1868 202 1892 non
233 1850 419 1898 addidit,
458 1860 505 1890 ut
541 1849 733 1890 similiter
773 1850 955 1891 diceret:
1000 1849 1211 1906 stipendia
1250 1859 1390 1889 autem
1420 1846 1539 1903 justi-

109 1927 193 1968 tiae
221 1927 302 1968 vita
333 1938 525 1979 aeterna;
567 1928 642 1968 sed
681 1926 757 1968 ait:
800 1927 956 1979 „gratia
976 1926 1023 1983 8)
1069 1938 1209 1967 autem
1238 1925 1324 1966 Dei
1353 1926 1435 1966 vita
1469 1941 1538 1965 ae-

109 2015 232 2046 terna
247 2009 283 2045 :“
311 2016 358 2046 ut
383 2002 658 2059 stipendium,
688 2005 806 2059 quod
834 2004 981 2060 utique
1011 2004 1157 2045 debito
1198 2015 1238 2044 et
1265 2000 1454 2043 mercedi
1483 2002 1539 2041 si—

111 2080 204 2122 mili
235 2092 304 2130 est,
333 2080 658 2122 retributionem
696 2096 865 2135 poenae
894 2097 981 2122 esse
1010 2082 1185 2122 doceret
1213 2089 1253 2118 et
1280 2077 1451 2127 mortis,
1479 2077 1539 2119 vi-

113 2167 202 2198 tam
232 2173 332 2199 vero
377 2168 591 2198 aeternam
627 2156 709 2198 soli
748 2156 904 2209 gratiae
951 2155 1228 2208 consignaret.
1287 2156 1535 2197 Secundum

233 2309 278 2363 ¹)
309 2309 380 2350 Sic
413 2326 559 2351 ornnes
575 2310 674 2351 Mss.
697 2309 851 2361 nostri;
881 2309 981 2352 editi
1010 2325 1110 2351 vero
1141 2309 1201 2365 (v.
1234 2327 1268 2351 c.
1301 2310 1396 2352 edd.
1426 2308 1534 2364 M.):

113 2364 259 2423 „cujus
290 2366 421 2417 gratia
451 2383 530 2408 nos
560 2365 836 2422 praecessit?“
866 2366 915 2407 R.

231 2434 277 2490 ²)
308 2435 434 2478 Rom.
463 2436 537 2485 IV,
564 2436 604 2477 4.

229 2505 277 2560 3)
305 2505 416 2546 Edd.
445 2506 640 2547 Merlini:
672 2506 797 2549 enim.

232 2575 279 2630 ⁴)
309 2576 460 2617 Matth.
491 2576 563 2625 VJ,
593 2576 659 2619 12.

230 2646 277 2700 5)
307 2646 407 2686 Luc.
438 2647 531 2696 VII,
560 2649 625 2689 41.

231 2712 277 2768 ⁶)
307 2715 457 2757 Matth.
487 2718 580 2768 VII,
609 2719 677 2762 23.
708 2719 805 2761 coll.
834 2720 934 2764 Luc.
964 2720 1082 2772 XIII,
1109 2721 1176 2763 27.

233 2781 278 2836 ⁷)
313 2783 437 2826 Rom.
469 2787 540 2837 VI,
569 2789 634 2831 23.

231 2851 278 2905 8>
307 2851 433 2898 Rom.
461 2856 533 2909 VI,
562 2859 628 2900 23.
