1788 3111
209 120 265 162 14
548 118 771 161 Omessms
800 133 846 161 m
875 119 953 163 ΕΡ.
981 130 1042 162 An
1075 119 1297 163 ROMANOS
1415 142 1439 171 0

208 230 308 272 loco
339 231 559 281 addamus,
580 231 624 288 1)
656 233 775 287 quod
804 230 913 273 sicut
941 232 1126 284 scientia,
1145 233 1190 290 2)
1223 250 1332 289 quae
1361 251 1476 277 nunc
1508 237 1634 278 datur

206 308 380 358 sanctis,
420 308 556 364 per3)
596 309 819 364 speculum
850 310 976 351 datur
1006 322 1046 351 et
1075 311 1120 352 in
1151 311 1408 364 aenigmate,
1450 324 1491 353 et
1526 330 1631 369 pro-

205 384 370 440 phetia,
412 384 511 440 et4)
542 398 705 428 caetera
738 388 850 428 dona
883 386 1067 443 Spiritus
1099 387 1249 429 sancti:
1282 388 1341 429 ita
1373 400 1413 429 et
1444 388 1631 440 libertas,

207 479 316 518 quae
345 480 460 504 nunc
490 463 641 504 sanctis
674 476 932 520 praestatur,
970 467 1168 506 nondum
1197 466 1325 522 plena
1354 466 1526 508 libertas
1558 480 1632 518 est,

205 541 280 581 sed
310 541 426 581 velut
464 541 628 597 ‚‚per⁵)
659 543 903 598 speculum,
951 554 992 584 et
1030 543 1075 583 in
1115 543 1408 596 aenigmatez“
1452 555 1493 585 et
1530 544 1628 586 ideo

204 618 337 659 sancti
367 635 508 660 servos
539 635 582 660 se
604 635 691 660 esse
712 619 870 669 dicunt,
903 620 957 660 ad
979 620 1345 674 comparationem
1364 620 1477 662 illius
1498 621 1629 662 liber-

202 695 311 745 tatis,
355 712 464 751 quae
493 696 687 752 „facie⁶)
719 699 773 738 ad
802 697 982 738 faciem“
1012 697 1227 739 tribuitur.
1290 697 1377 752 Qui
1397 698 1441 754 7)
1473 699 1630 740 etenim

201 785 344 828 potest
372 773 417 814 in
447 790 574 815 carue
605 774 696 830 quis
727 775 889 831 positus
921 774 1095 830 adipisci
1134 774 1341 828 integram
1372 776 1629 827 libertatem,

201 862 249 891 ut.
277 850 322 891 in
352 852 474 892 nullo
506 849 592 908 jam
623 851 773 892 serviat
795 851 942 893 carni?
976 852 1083 893 sicut
1111 869 1190 893 nec
1213 853 1494 909 adoptionem
1513 854 1626 895 filio-

200 944 298 969 rum
339 928 431 984 quis
467 928 512 969 in
553 946 736 985 corpore
773 929 936 986 positus
976 931 1134 971 habere
1174 948 1221 972 ex
1265 931 1430 983 integro
1474 943 1628 987 potest.

200 1006 344 1061 Atque
372 1004 537 1047 utinam
575 1007 658 1048 hoc
697 1008 846 1048 saltem
888 1006 1072 1048 obtineri
1108 1008 1242 1064 possit
1278 1007 1320 1047 in
1353 1007 1435 1048 vita
1464 1020 1628 1050 morta-

197 1082 324 1133 lium,
365 1094 413 1123 ut
450 1100 593 1124 servus
636 1083 728 1139 quis
762 1083 919 1125 Christi
959 1101 1007 1126 ex
1044 1085 1210 1138 integro
1250 1085 1346 1126 fiat:
1393 1086 1495 1142 ets)
1534 1103 1626 1127 non

198 1160 334 1210 carni,
375 1177 467 1200 non
497 1160 712 1213 sanguini,
757 1179 847 1203 non
877 1179 1010 1204 vanae
1041 1162 1219 1216 gloriere,
1259 1180 1352 1204 non
1390 1164 1626 1219 cupiditati,

195 1254 287 1277 non
317 1236 533 1287 avaritiae,
563 1255 655 1279 non
683 1239 949 1290 iracundiae,
979 1258 1070 1281 non
1099 1240 1304 1290 invidiae,
1335 1243 1409 1282 sed
1441 1241 1515 1297 qui
1545 1241 1625 1283 soli

198 1314 388 1365 Christo,
426 1314 472 1355 id
513 1326 593 1365 est,
635 1317 835 1359 omnibus
865 1317 992 1358 simul
1029 1318 1255 1359 virtutibus
1286 1319 1446 1362 serviat.
1506 1321 1624 1361 Haec

194 1393 248 1434 de
269 1409 332 1442 eo,
366 1393 483 1446 quod
503 1392 708 1447 scriptum
726 1406 805 1435 est:
838 1395 1037 1445 „Paulus,
1055 1395 1099 1444 ⁹)
1132 1412 1274 1436 servus
1300 1397 1401 1437 Jesu
1426 1396 1623 1438 Christi.“

304 1470 343 1511 2.
373 1470 586 1519 „Vocatus
606 1470 675 1527 ιο)
714 1473 992 1527 Apostolus.“
1049 1471 1311 1528 Nomen¹¹)
1342 1473 1448 1523 hoc,
1485 1472 1532 1514 id
1563 1485 1624 1514 est

191 1552 433 1596 „vocatus,“
472 1547 570 1602 quia
609 1549 663 1588 ad
696 1565 844 1590 omnes
883 1548 1091 1605 pertinet,
1136 1550 1209 1605 qui¹
1249 1549 1294 1590 in
1327 1549 1496 1591 Christo
1530 1568 1621 1592 cre-

192 1624 319 1672 dunt,
360 1624 556 1676 generale
584 1637 727 1680 potest
755 1626 911 1667 videri:
953 1628 1027 1667 sed
1058 1626 1353 1682 unusquisque
1382 1630 1620 1670 secundum

189 1699 247 1750 id,
280 1702 398 1756 quod
427 1701 473 1741 in
503 1718 554 1742 eo
585 1701 881 1759 praevidit¹²)
914 1714 955 1743 et
985 1703 1108 1756 elegit
1128 1704 1260 1754 Deus,
1291 1698 1364 1745 aut
1383 1706 1618 1761 Apostolus

189 1790 387 1829 vocatur,
419 1790 492 1819 aut
521 1781 755 1835 propheta,
786 1791 859 1820 aut
888 1780 1107 1833 magister,
1145 1793 1219 1821 aut
1247 1780 1358 1822 liber
1387 1784 1440 1823 ab
1471 1801 1619 1835 uxore,

188 1855 347 1911 aut¹³)
377 1873 519 1898 servus
548 1856 594 1897 in
624 1855 824 1913 conjuge:
858 1868 899 1898 et
927 1874 1007 1913 pro
1041 1858 1279 1900 diversitate
1309 1859 1465 1912 gratiae
1497 1878 1616 1902 com-

267 1976 269 1978 *
307 2003 349 2059 ι)
381 2004 461 2046 Ed.
491 2004 554 2045 M.
581 1988 649 2044 ’Π;
682 2003 888 2044 addimus.

302 2073 349 2129 2)
380 2075 400 2114 Ι
434 2074 533 2116 cor.
565 2074 662 2124 ΧΠ,
693 2074 864 2118 8-10.
897 2074 993 2115 0011.
1026 2091 1115 2131 cap.
1145 2050 1265 2128 xm,
1298 2080 1363 2122 12.

302 2144 349 2209 3)
380 2143 497 2185 Editi
527 2143 723 2200 plerique
753 2144 812 2201 (e.
843 2161 877 2187 c.
910 2146 1007 2187 edd.
1038 2147 1212 2203 Merl.):
1256 2161 1317 2190 est
1356 2166 1435 2206 per
1464 2163 1614 2206 specu·-

184 2200 276 2241 lum
302 2218 346 2241 m
377 2201 623 2253 aenigmate.
654 2203 706 2243 R.

302 2270 347 2327 ⁴²)
379 2271 495 2311 Editi
517 2272 714 2327 plerique
734 2272 793 2329 (v.
813 2289 846 2316 c.
867 2274 931 2315 ed.
953 2274 1015 2316 M.
1036 2274 1134 2331 II.):
1167 2287 1208 2317 et
1236 2287 1285 2317 ut
1307 2288 1470 2319 caetera
1488 2279 1613 2320 dona.

183 2328 234 2368 R.
266 2352 317 2359 —-
349 2328 428 2370 Ed.
461 2328 522 2370 M.
553 2329 592 2368 I:
625 2341 700 2378 „ut
731 2341 771 2370 et
802 2341 966 2371 caetera
998 2332 1153 2373 dona.“

301 2397 346 2453 5)
377 2398 397 2438 Ι
431 2397 530 2439 Cor.
562 2399 682 2449 XIII,
714 2402 780 2443 12.
899 2400 946 2456 6)
976 2401 995 2441 Ι
1029 2401 1127 2442 Cor.
1157 2402 1277 2452 XIII,
1308 2403 1374 2445 12.

299 2467 346 2524 ⁷)
377 2469 488 2508 Edd.
520 2469 717 2511 Merlini:
753 2470 992 2525 Quomodo
1027 2471 1183 2512 etenim
1214 2484 1290 2514 etc.

299 2538 345 2594 8)
376 2538 658 2580 Desideratur
685 2547 780 2590 ,‚et“
810 2541 853 2581 in
885 2542 981 2582 edd.
1012 2542 1073 2584 M.
1194 2543 1239 2598 ⁹)
1270 2544 1397 2585 Rom.
1428 2544 1460 2594 Ῑ,
1493 2547 1531 2588 1.

274 2609 346 2665 ¹⁰)
377 2610 502 2650 Rom.
535 2611 566 2660 I,
599 2614 637 2655 1.
758 2611 829 2667 Η)
862 2612 974 2653 Edd.
1004 2612 1201 2653 Moruni:
1235 2614 1330 2654 Hoc
1360 2631 1534 2655 nomen.

273 2678 343 2734 12)
376 2679 445 2721 Sic
486 2681 591 2722 Μετ’.
632 2682 734 2734 Reg.
772 2698 888 2722 num.
929 2682 1051 2726 1639.
1142 2683 1309 2725 Caetcri
1352 2702 1452 2726 vcro
1495 2686 1610 2737 Mss.‚

179 2736 395 2785 Rabanus‚
428 2748 468 2777 et
498 2737 600 2779 editi
633 2742 689 2794 (e.
721 2740 871 2780 c.c‹ld.
897 2739 1007 2794 M.):
1038 2740 1284 2797 „praevidet
1315 2752 1355 2782 ct
1387 2741 1500 2796 eligit
1531 2744 1608 2799 (al.

181 2792 389 2849 elegit).“
420 2794 471 2834 R.

271 2861 342 2919 ¹³)
372 2863 479 2905 Msc.
498 2881 607 2905 unus
624 2865 726 2918 Reg.
744 2882 860 2908 num.
880 2866 1003 2913 1641.
1030 2878 1131 2918 „aut
1145 2883 1287 2910 servus
1303 2867 1347 2909 in
1365 2865 1607 2926 conjugio.“
