1788 3111
228 114 314 157 150
566 111 789 155 omanus
818 125 866 155 m
893 112 972 154 ΕΡ.
1001 123 1061 155 An
1096 110 1320 157 ROMANds

228 226 359 269 Vides
391 241 506 279 ergo,
536 226 636 283 quia
664 243 757 269 non
784 225 963 283 solus¹)
992 225 1151 268 Paulus
1179 226 1342 283 spernit
1359 226 1524 268 literam
1543 227 1656 279 legis,

227 306 303 346 sed
341 304 480 345 multo
518 316 616 346 ante
656 320 755 346 eum
785 303 929 347 Moses
968 305 1067 359 et2)
1106 303 1285 360 sprevit,
1324 315 1365 345 et
1402 303 1576 362 abjecit,
1616 316 1657 346 et

229 381 428 423 contrivit
455 382 595 424 literas
624 381 746 434 legis,
775 382 859 423 hoc
889 383 981 424 sine
1012 382 1145 423 dubio
1177 380 1264 440 jam
1291 393 1396 423 tunc
1424 381 1658 435 designans,

228 459 350 513 quod
379 458 525 500 honor
555 470 596 500 et
622 459 751 502 virtus
779 459 881 511 legis
909 477 1000 500 non
1034 471 1137 502 esset
1157 459 1203 500 in
1222 459 1365 508 literis,
1393 460 1468 501 sed
1495 459 1540 501 in
1568 459 1655 516 spi-

228 534 325 576 ritu.
369 535 457 578 Sed
487 547 528 578 et
542 537 759 579 Dominus
788 537 833 579 in
853 537 1085 589 Evangelio
1111 554 1208 578 cum
1239 535 1354 585 dicit,
1384 538 1438 578 ad
1467 537 1656 579 Judaeos

229 611 434 667 loquens:
474 612 726 663 „auferetur
745 614 791 670 3)
834 631 857 656 a
894 612 1016 655 vobis
1053 629 1233 665 regnum
1263 612 1368 664 Dei,
1411 625 1451 655 et
1486 613 1658 655 dabitur

229 687 342 741 genti
380 690 553 731 facienti
590 693 778 733 fructum
820 691 966 750 ejus:“
1016 702 1146 746 puto,
1190 693 1310 747 quod
1347 707 1516 733 sensum
1555 690 1657 743 legis

227 766 468 821 regnum4)
499 767 585 808 Dei
617 767 787 817 dixerit,
818 767 892 823 qui
922 768 1085 810 ablatus
1117 779 1175 810 est
1205 785 1229 810 a
1258 768 1447 819 Judaeis,
1479 785 1659 809 manen-

227 842 340 885 tibus
373 846 488 900 apud
517 844 614 886 illos
643 844 745 886 solis
782 845 913 887 literis
942 845 1065 896 legis,
1108 857 1148 886 et
1181 847 1303 887 datus
1344 857 1403 887 est
1435 844 1659 895 Gentibus,

228 935 338 975 quae
376 922 542 977 possint
580 938 660 978 per
701 923 832 964 fidem
869 923 1056 963 fructum
1099 922 1270 979 spiritus
1308 923 1459 964 facere.
1533 922 1658 977 Quae

229 1013 327 1038 cum
357 999 414 1041 ita
442 999 543 1049 sint,
584 1016 662 1040 cur
700 1011 789 1041 tam
827 999 966 1050 ignavi
1006 1011 1046 1040 et
1076 1000 1238 1041 desides
1275 1017 1442 1049 sumus,
1480 1011 1528 1041 ut
1564 1017 1657 1042 non

228 1076 402 1117 tandem
435 1076 598 1135 abjecta
629 1076 750 1118 omni
780 1076 956 1126 malitia,
986 1093 1083 1117 cum
1112 1076 1383 1132 simplicitate
1413 1088 1452 1118 et
1473 1077 1656 1133 puritate

228 1153 372 1195 cordis
415 1156 468 1196 ad
509 1153 779 1210 suscipienda
819 1153 904 1195 Dei
944 1152 1114 1208 eloquia
1161 1170 1467 1209 properemus,
1520 1167 1559 1196 et
1602 1157 1656 1197 ad

230 1232 489 1288 capiendum
520 1233 573 1273 de
602 1231 650 1273 iis
692 1247 862 1272 sensum
896 1229 1072 1279 Christi,
1114 1231 1276 1286 quippe
1307 1249 1404 1272 cum
1437 1232 1658 1274 audiamus

226 1308 274 1350 in
303 1309 366 1350 his
399 1325 484 1351 esse
522 1323 701 1360 regnum
732 1306 848 1349 Dei?
907 1306 1035 1347 Certe
1064 1308 1357 1364 unusquisque
1388 1325 1470 1364 pro
1500 1308 1659 1350 viribus

228 1386 368 1443 capiat
404 1385 575 1441 eloquia
605 1384 710 1434 Dei,
748 1383 917 1441 quae⁵)
948 1395 1109 1440 potest,
1151 1396 1190 1425 et
1228 1384 1263 1427 si
1291 1385 1474 1428 idoneus
1506 1398 1565 1428 est
1604 1388 1659 1428 ad

224 1464 416 1505 solidum
448 1463 616 1512 cibum,
643 1462 716 1503 illa
748 1460 951 1517 suscipiat
981 1461 1152 1517 eloquia
1183 1462 1287 1514 Dei,
1326 1480 1437 1519 quae
1467 1475 1565 1505 sunt
1593 1480 1660 1506 sa-

225 1541 409 1597 pientia,
440 1557 570 1597 quam
603 1537 895 1595 Apostolusss)
925 1539 1117 1594 loquitur
1144 1540 1255 1581 inter
1284 1542 1511 1597 perfectos.
1570 1541 1659 1596 Qui

227 1636 329 1660 vero
363 1620 418 1660 ad
448 1618 560 1659 hanc
590 1616 773 1658 idoneus
806 1618 1006 1658 nondum
1038 1628 1108 1666 est,
1138 1616 1340 1673 suscipiat
1369 1618 1538 1673 eloquia
1561 1618 1660 1668 Dei,

225 1696 271 1738 in
294 1695 447 1751 quibus
469 1705 670 1746 agnoscat
697 1692 805 1735 nihil
827 1693 1009 1748 amplius
1036 1710 1165 1749 quam
1184 1692 1229 1748 ⁷)
1262 1693 1476 1737 Christum
1497 1695 1659 1746 Jesum,

228 1784 269 1814 et
303 1773 420 1813 hunc
452 1771 714 1812 crucifixum.
775 1770 864 1824 Qui
894 1787 972 1811 nec
1004 1771 1089 1811 hoc
1120 1781 1271 1826 potest,
1290 1771 1345 1811 'in
1377 1787 1428 1812 eo
1458 1772 1660 1830 suscipiat

229 1849 401 1906 eloquia
438 1847 546 1898 Dei,
587 1859 635 1888 ut
670 1847 842 1901 lactess)
884 1859 1047 1898 utatur,
1091 1858 1130 1888 et
1168 1865 1260 1888 non
1301 1848 1398 1889 cibo
1439 1849 1552 1891 forti.
1611 1850 1657 1892 Si

227 1945 328 1970 vero
361 1927 502 1968 adhuc
531 1926 772 1968 infirmatur
801 1923 846 1965 in
876 1926 983 1975 fide,
1015 1926 1186 1981 eloquia
1215 1924 1301 1966 Dei
1329 1924 1375 1967 in
1406 1926 1592 1968 oleribus
1611 1926 1656 1982 ⁹)

224 2016 374 2048 sumat.
441 2003 630 2045 Tantum
675 2013 756 2052 est,
793 2014 841 2044 ut
881 2019 1030 2045 omnes
1072 2002 1361 2044 communiter
1398 2003 1659 2053 noverimus,

229 2082 398 2139 eloquia
419 2081 491 2137 ¹⁰)
523 2079 633 2132 „Dei
664 2095 752 2122 esse
782 2079 953 2136 eloquia
985 2091 1110 2131 casta,
1142 2092 1181 2122 et
1211 2090 1434 2133 argentum
1462 2081 1560 2133 igne
1591 2098 1659 2123 ex-

344 2200 388 2257 ¹)
421 2200 529 2242 Edd.
562 2198 759 2240 Merlini:
790 2199 944 2240 solum.

343 2272 391 2326 2)
421 2271 701 2312 Desideratur
731 2274 823 2320 „et“
853 2272 898 2310 in
931 2270 1026 2311 cdd.
1057 2268 1120 2311 Μ,

344 2340 393 2396 ³)
425 2340 576 2381 Matth.
607 2340 728 2391 XXI,
756 2340 824 2384 43.

343 2409 390 2464 4)
420 2409 470 2450 In
511 2410 628 2453 editis
671 2411 730 2467 (v.
764 2429 796 2453 c.
828 2411 872 2453 in
904 2411 998 2452 edd.
1030 2408 1179 2465 Meri.)
1221 2409 1475 2451 omittuntur
1509 2411 1656 2452 verba:

228 2482 432 2519 „regnum
463 2466 586 2507 Dei.“
615 2466 664 2508 R.

346 2537 390 2593 ⁵)
421 2537 732 2578 Desiderantur
779 2536 824 2577 in
870 2547 992 2578 antea
1038 2536 1158 2577 editis
1210 2538 1270 2590 (v.
1303 2553 1335 2577 c.
1366 2536 1411 2576 in
1443 2537 1536 2578 edd.
1571 2536 1657 2590 M.)

228 2596 374 2636 verba:
407 2609 544 2649 „quae
574 2604 732 2649 potest,
764 2605 803 2634 et
830 2593 863 2634 si
894 2592 1075 2634 idoneus
1106 2604 1165 2634 cst
1196 2593 1250 2633 ad
1278 2592 1466 2634 solidum
1499 2592 1656 2643 cibum,

228 2652 301 2694 illa
331 2650 534 2706 suscipiat
563 2650 733 2705 eloquia
762 2649 886 2690 Dei.“
919 2648 969 2690 R.

345 2722 391 2777 ⁶)
422 2720 533 2763 Edd.
552 2719 700 2761 Mer1.:
726 2718 919 2776 loquitur
937 2718 1181 2775 Apostolusss
1201 2743 1257 2752 -
1281 2717 1369 2760 Cfr.
1387 2719 1406 2758 I
1426 2717 1528 2761 Cor.
1548 2718 1601 2769 II,
1619 2719 1658 2763 6.

346 2791 392 2846 ⁷)
423 2791 442 2831 I
475 2790 577 2833 Cor.
610 2790 663 2840 II,
692 2792 732 2832 2.
852 2789 899 2845 8)
930 2789 1062 2831 Hebr.
1095 2789 1147 2841 V,
1179 2791 1243 2834 12.

346 2861 394 2918 ⁹)
424 2861 551 2904 Rom.
582 2861 700 2912 XIV,
728 2862 768 2903 2.
891 2859 963 2917 ¹⁰)
993 2860 1148 2904 Psalm.
1180 2860 1278 2912 Xll,
1306 2861 1344 2904 6.
1375 2858 1500 2916 (XI.)
