1788 3111
506 121 942 164 COMMENTARIORUM
972 120 1061 162 Lm.
1093 121 1166 162 IV.
1461 123 1548 166 299

136 234 169 278 si
199 233 406 291 possimus
424 228 466 290 ¹)
497 234 580 275 hoc
610 233 744 274 modo
774 233 1046 288 respondere,
1076 233 1195 288 quod
1214 233 1430 276 tribulatio
1458 234 1551 290 qui-

141 313 237 353 dem
268 311 443 368 proprie
472 323 713 353 sanctorum
748 320 826 358 est,
861 309 1094 365 impiorum
1127 322 1267 350 autem
1307 322 1346 351 et
1372 310 1551 367 injusto-

138 406 233 430 rum
265 388 480 430 tribulatio
501 388 662 439 flagella
695 387 971 442 appellentur.
990 386 1036 442 ²)
1082 386 1282 442 Denique
1305 386 1350 427 in
1379 386 1548 428 Psalmo

136 465 194 507 sic
227 465 350 506 dicit:
379 463 623 520 ‚‚multae³)
651 463 945 505 tribulationes
974 462 1223 520 justorum.“
1267 463 1337 503 De
1364 463 1447 505 istis
1476 480 1551 505 au-

136 554 221 583 tem
255 542 330 583 ait:
362 543 517 591 „multa
536 540 580 595 4)
609 541 771 592 flagella
801 539 1134 595 peccatoris.“⁵)
1166 539 1220 580 Et
1237 539 1419 581 fortassis
1447 555 1551 594 pro-

137 631 281 674 pterea
316 617 531 659 tribulatio
573 629 612 658 et
654 618 837 668 angustia
890 618 941 658 ad
987 628 1152 658 sanctos
1197 615 1399 671 pertinet,
1452 614 1552 669 quia

137 695 218 750 ipsi
250 707 367 744 sunt,
407 693 536 750 quifi)
577 706 733 735 arctam
774 705 813 734 et
851 705 1066 747 angustam
1098 692 1206 734 viam
1237 692 1464 741 incedunt,
1511 701 1552 732 et

136 783 365 827 propterea
412 769 606 811 tribulari
622 769 668 824 ⁷)
717 770 928 811 dicuntur.
1001 768 1135 823 Quod
1194 769 1318 810 etiam
1366 768 1411 809 in
1455 767 1548 823 ipso

137 848 344 897 Domino,
374 846 446 903 qui
476 862 571 887 vera
605 857 664 887 est
690 846 776 895 via,
808 862 936 902 quam
974 847 1107 888 sancti
1134 845 1357 895 incedunt,
1386 846 1551 886 intelle-

138 923 242 964 xisse
263 923 494 978 Apostolos
526 923 722 972 arbitror,
747 939 843 963 cum
868 924 922 964 ad
949 939 1045 964 eum
1072 923 1279 964 dicerent:
1310 923 1486 972 „turbae
1502 921 1550 977 ⁸)

137 1011 178 1041 te
221 1000 509 1056 comprimunt
562 1012 602 1041 et
643 1012 882 1050 coarctant,
923 998 1162 1052 Magister.“
1233 998 1550 1040 Tribulationes

141 1093 239 1129 ergo
270 1075 480 1134 justorum
508 1094 598 1119 non
629 1078 768 1120 solum
800 1094 866 1119 eas
887 1078 1091 1118 debemus
1110 1075 1311 1132 accipere,
1343 1092 1448 1131 quae
1480 1092 1549 1116 ex-

136 1153 340 1195 trinsecus
378 1153 552 1195 veniunt
593 1171 640 1195 ex
677 1154 763 1196 istis
806 1154 955 1203 rebus,
1003 1170 1105 1209 quas
1155 1152 1444 1194 indifferentes
1484 1153 1551 1194 vel

140 1231 302 1271 medias
335 1247 460 1286 supra
490 1230 682 1281 diximus,
711 1230 755 1270 id
776 1242 848 1280 est,
877 1231 943 1271 vel
963 1230 1138 1281 damnis,
1168 1232 1234 1271 vel
1263 1230 1551 1283 languoribus,

139 1308 205 1348 vel
237 1324 282 1348 ex
316 1307 508 1363 quolibet
548 1306 738 1362 corporis
785 1306 994 1347 cruciatu:
1034 1307 1108 1348 sed
1147 1318 1187 1347 et
1225 1307 1270 1348 in
1312 1324 1386 1357 eo,
1432 1308 1552 1363 quod

142 1384 265 1426 etiam
304 1385 347 1425 in
386 1383 532 1440 requie
568 1382 694 1439 positi
732 1395 863 1425 semet
900 1383 1013 1439 ipsos
1053 1382 1245 1436 affligunt
1285 1396 1325 1425 et
1354 1395 1550 1434 atterunt,

138 1461 370 1502 resistendo
401 1460 688 1502 voluntatibus
718 1459 823 1509 suis,
862 1461 1118 1501 refrenando
1148 1459 1389 1510 libidinem,
1428 1477 1548 1503 coer-

142 1538 339 1593 cend09)
368 1537 602 1586 licentiam,
636 1548 676 1577 et
707 1535 869 1587 omnia,
903 1553 1009 1592 quae
1047 1538 1101 1578 ad
1131 1537 1296 1578 bonum
1327 1538 1548 1578 continen-

138 1614 220 1655 tiae
248 1614 472 1670 pertinent,
491 1614 562 1668 ¹⁰)
591 1613 873 1669 profligando,
904 1615 1137 1655 secundum
1152 1614 1264 1654 hunc
1294 1613 1445 1668 ipsum,
1478 1613 1551 1669 qui

140 1691 262 1733 dixit:
291 1708 485 1742 „macero
504 1691 515 1715 ¹
533 1691 575 1747 ¹)
607 1707 760 1746 corpus
790 1707 947 1740 meum,
979 1701 1019 1731 et
1047 1689 1234 1731 servituti
1263 1689 1466 1747 subjicio,
1495 1706 1551 1730 ne

136 1769 260 1819 forte,
292 1785 388 1809 cum
418 1767 507 1810 aliis
536 1768 855 1824 praedicavero,
886 1767 975 1824 ipse
1004 1768 1212 1823 reprobus
1243 1767 1439 1808 efficiar.“
1495 1758 1552 1807 Et

139 1845 221 1886 hoc
264 1846 397 1886 modo
441 1844 651 1903 justorum
698 1845 916 1887 tribulatio
968 1861 1058 1886 non
1110 1855 1249 1900 potest
1301 1843 1549 1885 indifferens

141 1921 235 1972 dici,
266 1923 339 1963 sed
368 1934 511 1978 aperte
541 1924 676 1972 bona,
705 1940 783 1979 per
814 1940 940 1980 quam
971 1924 1085 1963 bona
1114 1921 1276 1962 virtutis
1306 1920 1548 1976 implentur.

139 1997 290 2055 Injusti
320 2015 441 2048 vero,
473 1999 632 2040 etiamsi
661 2000 939 2049 tribulentur,
971 1999 1089 2054 quod
1117 1997 1245 2050 magis
1277 2014 1299 2038 a
1330 1997 1547 2052 Scriptura

142 2074 304 2128 flagella
334 2074 512 2116 diximus
543 2076 766 2131 appellari,
809 2076 1010 2132 quoniam
1041 2075 1147 2116 nihil
1176 2074 1221 2115 in
1251 2073 1313 2115 his
1342 2073 1440 2130 ipsis
1470 2075 1545 2115 ssa-

259 2232 302 2288 ¹)
330 2232 440 2275 Edd.
470 2233 664 2275 Merlini:
695 2251 930 2289 possumus.

254 2301 302 2355 ²)
332 2303 410 2344 Ed.
440 2303 500 2344 Μ.
531 2304 588 2343 II:
621 2305 897 2359 appellantur.

253 2371 302 2428 ³)
332 2373 483 2417 Psalm.
515 2374 716 2424 XXXIV,
745 2374 810 2416 19.
839 2373 1087 2430 (XXXIII.)

257 2441 303 2498 ⁴)
335 2444 487 2485 Psalm.
516 2444 699 2493 XXXII,
730 2445 793 2486 10.
825 2443 1034 2500 (XXXI.)

258 2512 302 2562 ⁵)
331 2514 443 2555 Edd.
471 2513 665 2555 Merlini:
693 2526 979 2570 peccatorum.

192 2638 218 2678 d
254 2581 301 2637 ⁶)
332 2583 441 2625 Edd.
471 2583 665 2625 Merlini:
707 2584 781 2640 qui
812 2596 971 2626 arctam
1011 2583 1120 2626 viam
1160 2595 1196 2625 et
1236 2598 1453 2636 angustam
1483 2585 1546 2626 iu—

142 2652 188 2678 ce
221 2649 308 2679 unt.

264 2706 309 2760 ⁷)
338 2707 419 2749 Ed.
447 2708 507 2751 M.
536 2710 596 2750 II:
625 2709 822 2751 tribulati.
962 2710 1010 2764 Β)
1042 2711 1142 2751 Luc.
1174 2709 1288 2759 VIII,
1318 2711 1383 2752 45.

261 2775 306 2830 ⁹)
336 2777 441 2818 Mse.
472 2795 603 2820 unus:
634 2780 897 2830 „coercendo
929 2779 1177 2821 lasciviam.“
1204 2781 1257 2821 R.

233 2846 305 2901 ¹⁰)
333 2847 412 2888 Ed.
443 2848 504 2890 Μ.
534 2850 595 2890 II:
627 2866 715 2891 non
741 2849 962 2906 pertinent.
1054 2850 1126 2905 ¹¹)
1155 2851 1175 2891 I
1207 2849 1303 2892 Cor.
1333 2850 1406 2898 IX,
1436 2850 1501 2892 27,
