1788 3111
551 119 991 161 COMMENTAmoRUM
1022 119 1112 160 Lm.
1145 120 1192 160 V.
1495 121 1580 164 345

159 231 321 274 idcirco
355 231 478 273 etiam
508 247 624 272 nunc
645 230 835 271 videmus
867 245 962 270 eum
995 246 1085 271 non
1115 242 1200 271 tam
1234 247 1420 284 regnare,
1450 249 1577 289 quam

160 308 417 358 latrocinari,
457 320 496 350 et
535 308 758 363 depulsum
788 321 941 358 regno,
985 323 1064 361 per
1106 308 1266 349 deserta
1307 321 1346 349 et
1376 310 1464 351 avia
1498 311 1577 349 cir—

162 398 432 427 cumeuntem
465 401 666 441 quaerere
694 383 773 425 sibi
803 383 1040 426 infidelium
1071 401 1268 426 manum:
1300 397 1339 426 ct
1359 386 1458 427 ideo
1493 387 1578 426 cla-

162 462 305 503 mahat
344 462 599 517 Apostolus:
638 460 816 516 „non¹)
857 478 953 514 ergo
994 473 1138 513 regnet
1181 474 1402 518 peccatum
1435 462 1477 503 in
1509 479 1579 503 ve—

160 550 244 579 stro
298 540 469 580 mortali
516 554 700 593 corpore
748 539 800 578 ad
853 538 1142 580 obediendum
1189 539 1404 581 desideriis
1455 539 1582 596 ejus.“

162 616 325 657 Verum
355 633 435 657 nos
468 614 655 657 contenti
683 615 971 669 perstrinxisse
999 617 1144 672 paucis
1177 632 1237 665 ea,
1265 631 1374 670 quae
1395 619 1579 671 Aposto—

162 693 225 734 lus
255 694 421 735 obtecta
439 692 484 747 ²)
516 707 600 732 esse
630 691 775 741 voluit,
817 692 1032 748 sequentia
1070 693 1347 748 requiramus.
1405 693 1584 734 Addidit

158 781 256 825 post
284 769 411 811 haec:
445 767 604 824 ‚‚qui3)
637 780 695 810 est
724 770 864 809 forma
894 769 1064 810 futuri.“
1123 769 1258 823 Quod
1287 770 1459 826 quidem
1491 787 1580 811 am—

160 845 334 896 biguum
364 834 479 886 ‘mihi
516 846 700 895 videtur,
740 856 885 886 utrum
928 862 974 887 ex
1013 862 1062 887 eo
1101 859 1318 902 tempore,
1348 864 1434 902 quo
1477 848 1584 889 haec

157 921 368 963 scribebat
379 923 623 977 Apostolus,
637 923 775 964 Adam
793 922 927 964 futuri
944 925 1083 966 forma
1102 924 1267 974 dicitur,
1278 927 1395 979 quod
1418 937 1477 967 cst
1494 941 1585 966 sae-

159 998 244 1039 culi
273 1000 450 1050 venturi,
487 1017 541 1041 an
568 1017 590 1041 a
618 1011 749 1042 semet
769 1000 878 1056 ipso,
907 1000 952 1042 id
975 1012 1045 1052 est,
1067 1002 1120 1042 ab
1141 1003 1281 1042 Adam
1298 1001 1440 1051 futuri,
1470 1003 1579 1043 utin

161 1075 330 1117 Christo
363 1076 614 1132 accipiatur:
645 1079 764 1133 quod
792 1089 960 1133 tempus
989 1079 1204 1134 Apostolo
1245 1079 1350 1119 haec
1380 1080 1582 1120 scribenti

158 1153 351 1194 futurum
392 1171 484 1194 non
516 1166 624 1203 erat,
665 1156 738 1195 sed
767 1154 1066 1210 praeteritum3
1106 1156 1296 1211 quamvis
1336 1167 1376 1197 et
1413 1157 1458 1197 in
1497 1157 1581 1198 alio

157 1229 274 1279 loco,
305 1246 403 1271 cum
435 1232 488 1271 de
518 1231 655 1271 Adam
690 1242 729 1271 et
767 1231 856 1272 Eva
886 1233 1153 1287 loqueretur,
1195 1233 1309 1274 idem
1349 1236 1583 1290 Apostolus

160 1305 333 1347 dixerit:
364 1307 695 1366 ‚,mysterium⁴)
734 1308 818 1349 hoc
858 1324 1061 1359 magnum
1093 1321 1169 1351 est:
1201 1326 1276 1362 ego
1309 1323 1449 1353 autem
1485 1313 1581 1354 dico

159 1381 205 1422 in
225 1381 393 1424 Christo
412 1395 452 1425 et
479 1384 525 1425 in
543 1384 587 1439 ⁵)
620 1385 791 1427 ecclesia
807 1390 842 1426 ·.“
871 1385 915 1426 in
940 1402 1028 1441 quo
1052 1386 1219 1428 videtur
1237 1388 1324 1430 hoc
1352 1390 1482 1441 magis
1501 1407 1583 1431 no-

160 1460 225 1500 bis
257 1461 312 1501 ad
342 1460 662 1513 intelligendum
702 1462 876 1512 dedisse,
926 1465 1043 1518 quod
1073 1466 1212 1505 forma
1251 1465 1382 1506 futuri
1421 1467 1585 1508 dicatur

161 1537 302 1577 Adam
332 1536 377 1578 in
404 1553 469 1586 eo,
497 1540 615 1592 quod
648 1538 816 1580 advenit
849 1538 1039 1582 Christus
1070 1542 1123 1582 ad
1155 1541 1373 1582 ecclesiam
1403 1542 1482 1584 sibi
1513 1561 1584 1585 so-

162 1614 372 1655 ciandam.
430 1615 584 1658 Nescio
615 1631 727 1665 sane,
759 1618 982 1670 quomodo
1018 1618 1110 1673 quis
1140 1617 1271 1673 possit
1302 1630 1339 1659 et
1370 1621 1584 1674 praevari-

163 1691 375 1733 cationem
408 1689 508 1747 ejus,
539 1702 578 1731 et
608 1704 846 1747 peccatum,
878 1705 917 1734 et
946 1694 1043 1744 hoc,
1074 1697 1191 1749 quod
1216 1712 1332 1737 mors
1349 1696 1583 1752 peripsum

158 1767 205 1809 in
238 1784 386 1809 omnes
404 1768 600 1809 homines
620 1770 872 1824 pertransiit,
905 1770 948 1811 in
973 1771 1160 1812 formam
1189 1770 1345 1814 Christi
1373 1787 1585 1830 coaptare,

158 1844 238 1887 nisi
267 1847 380 1886 sorte
409 1861 457 1885 ex
488 1845 728 1896 contrariis,
765 1858 812 1888 ut
845 1847 960 1888 idem
991 1848 1223 1903 Apostolus
1269 1849 1313 1890 in
1351 1852 1586 1906 superiori-

157 1923 238 1964 bus
268 1922 453 1978 exponit,
484 1939 580 1964 cum
615 1923 737 1965 dicit:
778 1923 910 1973 „sicut
925 1923 970 1980 6)
1010 1924 1123 1966 enim
1161 1942 1240 1981 per
1278 1944 1411 1968 unum
1442 1928 1586 1969 homi-

159 2015 259 2040 nem
290 2016 420 2049 mors,
449 2000 505 2040 ita
537 2011 576 2040 et
607 2016 687 2055 per
717 2018 853 2041 unum
894 2001 1144 2042 resurreetio
1177 2015 1450 2044 mortuorum
1465 2009 1500 2044 :“
1546 2017 1585 2047 et

158 2073 337 2116 iterum:
371 2075 504 2125 „sicut
519 2076 563 2131 ⁷)
606 2077 717 2117 enim
748 2093 825 2131 per
863 2077 1197 2118 inobedientiam
1243 2079 1367 2120 unius
1398 2081 1584 2125 hominis

162 2163 411 2207 peccatores
444 2152 658 2194 constituti
687 2165 783 2194 sunt
813 2153 947 2203 multi,
977 2153 1033 2194 ita
1065 2166 1103 2194 et
1133 2173 1209 2210 per
1224 2156 1348 2198 unius
1378 2159 1584 2201 obedien-

162 2229 264 2270 tiam
293 2227 390 2286 justi
424 2229 737 2271 constituentur
761 2230 924 2271 multi.“
969 2230 1016 2271 Si
1037 2247 1136 2272 vero
1157 2231 1435 2284 intelligamus
1466 2239 1585 2292 Apo-

161 2306 321 2347 stolum
363 2323 387 2347 a
415 2305 497 2348 suis
529 2307 818 2362 temporibus,
858 2306 1011 2362 quibus
1050 2309 1154 2349 haec
1183 2310 1407 2363 scribebat,
1437 2314 1587 2357 dixisse

161 2384 302 2424 Adam
320 2383 451 2425 futuri
479 2400 563 2426 esse
585 2386 781 2434 sormam,
811 2384 866 2426 ita
900 2384 1030 2435 magis
1056 2386 1314 2438 intelligitur,
1345 2393 1476 2444 quod,
1505 2392 1586 2434 sic..

281 2566 323 2619 ¹)
355 2566 481 2606 Rom.
517 2566 586 2616 VI,
618 2569 681 2610 12.

277 2635 323 2688 ²)
354 2635 468 2677 Editi
498 2635 556 2691 (V.
588 2654 620 2677 c.
654 2639 748 2679 edd.
779 2638 885 2694 Μ.);
917 2638 1148 2696 „objecta.“
1179 2641 1306 2683 Male.
1339 2643 1386 2685 li.

283 2703 329 2757 3)
360 2704 485 2748 Rom.
516 2705 566 2755 V,
600 2708 665 2750 14.
786 2708 830 2762 ⁴²)
862 2710 1017 2765 Eplics.
1048 2711 1100 2760 V,
1128 2712 1195 2754 32.

280 2773 324 2825 ⁵)
356 2776 485 2817 Deest
513 2776 610 2825 „in“
637 2776 680 2817 in
713 2780 806 2820 cdd.
838 2780 1024 2820 Mei-lini.

283 2844 329 2894 6)
359 2843 376 2883 l
412 2843 509 2886 Cor.
542 2847 637 2894 XV,
669 2849 734 2890 21.
857 2850 900 2903 7)
935 2849 1056 2890 lion).
1091 2851 1137 2899 Y,
1170 2852 1232 2892 tt).
