1788 3111
499 127 938 171 COMMENTARIORUM
967 94 1056 169 Ln3.
1084 125 1158 167 III.
1354 134 1357 141 ’
1448 124 1533 168 209

122 242 280 285 minata
298 253 441 285 tamen
470 241 626 296 virgine
642 251 835 290 assumta,
865 249 906 281 et
935 250 1046 281 casta
1075 236 1406 294 sanctLSpiritus
1426 254 1530 294 ope-

119 321 284 362 ratione
313 322 494 362 formata
525 330 596 361 est.
640 317 871 373 Propterea
902 318 1003 369 ergo'
1033 327 1073 357 et
1095 316 1327 372 Apostolus
1358 317 1412 356 de
1439 332 1530 357 me-

122 397 287 438 diatore
314 397 535 446 disserens,
579 393 814 436 evidentem
831 393 873 449 ¹)
902 392 1214 434 distinctionem
1242 392 1438 445 signavit,
1467 393 1531 434 di-

118 490 242 515 cens:
282 474 518 524 „mediator
533 472 587 528 ²)
607 469 691 512 Dei
722 459 762 511 et
790 471 1038 521 hominum,
1071 471 1206 510 homo
1239 468 1428 510 Christus
1454 471 1527 511 Je—

116 555 236 592 sus:“
279 567 364 606 quo
403 549 560 591 scilicet
596 547 874 589 mediatorem
910 565 1000 588 non
1039 547 1093 588 ad
1132 545 1329 587 deitatem
1362 546 1530 597 Christi,

118 628 195 668 sed
227 628 280 668 ad
311 625 639 674 humanitatem,
686 640 794 680 quae
840 636 900 665 est
940 623 1027 681 ejus
1066 623 1226 674 anima,
1255 624 1529 664 referendum

118 704 304 746 doceret.
360 701 601 755 Longitudo
635 717 732 754 ergo
764 701 941 757 ponitur
970 700 1058 759 ejus
1089 712 1130 742 et
1159 699 1353 741 latitudo.
1410 700 1526 740 Lon-

114 779 261 833 gitudo
292 779 400 820 illud
431 778 645 831 fignificat,
676 779 795 833 quod
824 777 959 819 tendit
988 779 1042 818 ad
1071 778 1238 826 Deum,
1266 775 1528 831 trinitatique

112 854 316 897 sociatur:
347 854 548 904 latitudo,
593 855 711 910 quod
738 854 848 895 inter
873 854 1078 904 homines,
1110 854 1182 910 qui
1210 854 1338 894 latam
1368 852 1525 909 spatio-

111 949 287 988 samque
326 931 437 974 viam
473 931 670 972 incedere
717 930 961 988 Soleant,³)
1010 941 1300 972 conversatur:
1347 941 1388 970 et
1424 929 1523 970 ideo

110 1008 356 1050 mediatoris
394 1020 506 1050 recte
547 1007 724 1049 nomine
750 1020 1045 1063 nuncupatur,
1088 1007 1208 1063 quia,
1244 1019 1293 1048 ut
1332 1007 1525 1058 diximus,

113 1084 252 1126 anima
290 1085 392 1126 haec
430 1097 573 1126 sancta
610 1084 751 1126 media
781 1084 953 1140 quidem
981 1069 1063 1125 suit
1119 1083 1229 1125 inter
1265 1083 1526 1124 divinitatem

107 1161 304 1203 trinitatis
337 1173 378 1203 et
406 1162 674 1216 fragilitatem
710 1161 993 1203 humanitatis.
1050 1160 1168 1202 Haec
1210 1177 1308 1214 ergo
1348 1160 1526 1214 intelligi

108 1250 250 1295 potest
277 1238 635 1294 propitiatorium,
664 1239 898 1280 secundum
929 1254 996 1288 ea,
1038 1255 1146 1294 quae
1172 1254 1299 1293 supra
1332 1238 1525 1288 diximus,

110 1315 179 1356 cui
210 1315 442 1371 superponi
472 1314 733 1371 dicuntur4)
765 1316 851 1356 duo
878 1314 1123 1365 Cherubim,
1152 1315 1350 1367 unum⁵)
1381 1331 1429 1355 ex
1459 1316 1521 1356 la-

108 1403 198 1432 tere
226 1393 321 1441 hoc,
354 1403 394 1433 et
422 1409 558 1433 unum
591 1409 640 1433 ex
668 1392 799 1433 latere
830 1392 977 1433 altero.
1037 1391 1168 1449 Cujus
1208 1408 1306 1445 ergo
1337 1394 1520 1433 formam

110 1469 198 1508 duo
228 1468 305 1509 ista
336 1467 569 1509 Cherubim
609 1470 766 1509 habere
797 1467 1068 1509 existimanda
1096 1467 1224 1510 sunt?
1286 1458 1457 1510 Cherub
1474 1469 1520 1525 ⁶)

108 1544 222 1585 enim
269 1545 314 1585 in
356 1556 545 1586 nostram
595 1545 782 1598 linguam
833 1544 1154 1600 interpretatum
1209 1545 1521 1600 plenitudinem

107 1619 377 1662 scientiarum
427 1621 642 1674 significat.
720 1621 810 1662 Ubi
848 1638 946 1675 ergo
991 1622 1166 1663 dicimus
1208 1622 1520 1677 plenitudinem

105 1697 395 1747 scientiarum,
440 1697 520 1739 nisi
565 1697 610 1738 in
641 1713 716 1748 eo,
761 1698 815 1738 de
853 1714 938 1752 quo
971 1697 1071 1738 dicit
1100 1699 1355 1754 Apostolus:
1386 1699 1458 1749 „in
1474 1699 1520 1756 ⁷)

110 1789 196 1828 quo
228 1786 324 1815 sunt
364 1791 510 1815 omnes
548 1773 733 1815 thesauri
773 1774 1000 1829 sapientiae
1043 1786 1084 1815 et
1112 1775 1307 1817 scientiae
1337 1777 1517 1817 abscon·
1583 1794 1587 1800 ·

107 1850 183 1891 diti
196 1849 244 1892 ?“
273 1852 343 1891 De
357 1852 503 1893 Verbo
534 1851 742 1907 utique⁸)
772 1851 856 1892 Dei
884 1852 986 1893 haec
1017 1851 1117 1893 dicit
1146 1853 1390 1908 Apostolus.
1431 1855 1518 1895 Sed

88 1938 147 1976 ‘et
178 1928 231 1968 de
275 1927 437 1983 Spiritu
476 1940 620 1970 sancto
661 1927 810 1969 similia
841 1927 996 1978 scribit,
1026 1945 1123 1970 cum
1154 1928 1272 1969 dicit:
1303 1929 1454 1979 „nobis
1471 1930 1517 1985 ⁹)

106 2015 248 2045 autem
286 2004 483 2045 revelavit
523 2006 641 2046 Deus
682 2021 759 2060 per
797 2005 989 2060 spiritum
1029 2022 1173 2046 suum:
1203 2005 1371 2061 spiritus
1403 2006 1513 2046 enim

108 2079 252 2121 omnia
280 2092 508 2132 scrutatur,
539 2080 664 2122 etiam
694 2082 776 2123 alta
813 2081 937 2123 Dei.“
994 2081 1349 2138 Significatur¹⁰)
1379 2082 1515 2136 igitur,

224 2238 269 2293 ¹)
297 2239 409 2280 Edd.
439 2237 634 2280 Merlini:
666 2239 845 2281 evidenti
877 2239 1144 2281 distinctione
1172 2240 1346 2293 signavit
1375 2254 1451 2285 etc.

219 2308 267 2364 ²)
296 2309 317 2349 I
348 2307 458 2350 Tim.
487 2309 540 2357 II,
571 2311 610 2352 5.
727 2310 773 2366 3)
803 2310 915 2352 Edd.
946 2310 1134 2352 Merlini:
1171 2312 1345 2354 soleant.

220 2377 267 2432 ⁴²)
297 2378 434 2419 Exod.
464 2378 603 2428 XXV,
632 2379 698 2423 18.
727 2380 791 2424 19.

221 2446 265 2502 ⁵)
296 2447 410 2488 Alias
440 2448 500 2504 (v.
529 2464 563 2490 e.
590 2448 636 2489 in
666 2450 760 2490 edd.
790 2447 902 2506 M.:)
930 2467 1065 2500 „unus
1095 2467 1142 2492 ex
1170 2452 1300 2494 latere
1329 2454 1435 2506 hoc,
1472 2466 1511 2495 et

104 2509 238 2546 unus“
268 2515 342 2546 etc.
372 2505 412 2544 R

220 2574 266 2628 ⁶)
294 2574 406 2615 Edd.
435 2573 498 2615 M.
529 2585 570 2614 et
597 2575 649 2616 R.
679 2574 964 2626 ‚,Cherubin.“

220 2641 266 2697 ⁷)
297 2642 460 2686 Coloss.
488 2643 542 2692 II,
570 2642 610 2685 3.

218 2716 266 2771 ⁸)
293 2718 403 2759 Edd.
433 2718 628 2761 Merh’ni:
658 2720 743 2762 Dei
771 2721 933 2779 utique.

223 2785 270 2841 ⁹)
298 2788 319 2827 I
350 2787 448 2830 Cor.
477 2789 530 2837 II,
559 2789 626 2831 10.

197 2855 269 2911 ¹⁰)
299 2856 409 2900 Edd.
441 2859 634 2900 Merlini:
666 2859 881 2913 Significat
908 2861 1044 2918 igitur,
1075 2874 1150 2905 etc.

111 2932 329 2978 Omessms
359 2934 530 2980 OPERA.
559 2935 678 2982 ToM.
703 2937 774 2983 vl.
1155 2940 1210 2983 14
