1788 3111
468 113 908 156 Commmmmonum
939 114 1028 155 Lm.
1058 114 1130 155 ΙΙΙ.
1427 118 1509 162 187

96 227 295 270 vitiorum
315 226 435 270 bellis
455 243 624 284 semper
651 238 867 279 urgentur,
895 227 1004 269 viam
1029 226 1143 282 pacis
1162 227 1371 280 ignorant,
1399 241 1513 272 recte

97 305 379 357 intelligimus.
436 305 554 347 Dicit
583 304 695 346 enim
725 304 938 359 propheta
968 304 1021 344 ad
1052 302 1316 346 Dominum:
1343 306 1513 363 „pax¹)

99 383 232 423 multa
262 382 530 435 diligentibus
558 397 719 423 nomen
750 391 891 431 tuum,
931 392 970 421 et
1008 397 1099 421 non
1132 393 1191 423 est
1225 382 1306 423 illis
1333 385 1513 426 scanda-

101 461 230 502 lum.“
289 461 376 502 Sed
414 471 452 500 et
488 460 558 500 ille
597 459 807 514 populus,
846 457 918 513 qui
958 459 1010 499 de
1039 459 1229 515 Aegypto
1272 460 1447 502 eductus
1466 460 1513 516 ²)

101 548 178 586 est,
209 555 287 594 per
316 537 425 578 viam
455 535 570 590 pacis
599 534 785 584 incessit,
822 547 869 576 ut
902 536 955 576 ad
985 545 1138 576 terram
1172 536 1515 591 repromissionis

99 613 271 663 veniret,
303 626 341 654 et
372 611 578 653 habitaret
602 611 646 652 in
666 611 915 662 Jerusalem,
946 627 1055 667 quae
1082 611 1384 666 interpretatur
1409 612 1512 654 visio

99 693 227 745 pacis,
254 689 361 732 sicut
392 700 432 729 et
459 688 670 744 propheta
693 688 815 729 dicit:
846 689 1006 738 „factus
1022 687 1068 744 ³)
1100 700 1159 730 est
1187 688 1232 729 in
1258 705 1366 744 pace
1393 690 1515 731 locus

99 765 200 823 ejus,
232 778 270 807 et
300 765 503 807 habitatio
531 763 618 822 ejus
647 764 693 807 in
722 765 869 807 Sion.“
926 764 1098 807 Plenius
1128 777 1267 807 autem
1296 764 1407 808 viam
1437 783 1516 822 pa-

102 842 158 883 cis
201 842 413 894 agnoscit,
466 841 539 897 qui
588 843 642 883 ad
696 841 884 883 coelestis
929 841 1166 884 Jerusalem
1222 842 1515 885 habitaculum

98 918 251 967 tendit,
281 930 328 959 ut
357 919 410 959 ad
423 917 469 973 4)
509 930 698 960 sanctam
729 919 934 960 civitatem
964 918 1049 959 Dei
1075 918 1247 961 viventis
1275 921 1516 962 adscendat.

98 994 203 1036 Post
231 995 336 1036 haec
367 995 558 1036 additur:
577 991 622 1049 5)
663 1012 786 1045 „non
801 994 846 1049 6)
878 1006 937 1036 est
963 995 1095 1037 timor
1124 995 1208 1037 Dei
1238 1007 1335 1037 ante
1366 997 1516 1038 oculos

100 1077 290 1113 eorum.“
348 1071 395 1113 Si
425 1072 516 1127 quis
544 1073 617 1124 sit,
657 1072 730 1128 qui
757 1088 927 1128 semper
965 1074 1018 1115 de
1054 1072 1210 1114 timore
1239 1072 1323 1114 Dei
1354 1074 1518 1125 cogitet,

101 1148 203 1204 quid
249 1148 286 1189 ei
322 1151 488 1205 placeat
526 1149 733 1205 requirat,
777 1148 931 1205 quidve
968 1148 1206 1206 displiceat,
1249 1150 1350 1192 huic
1385 1150 1517 1193 timor

101 1225 186 1265 Dei
217 1241 300 1267 esse
331 1239 427 1268 ante
458 1227 606 1268 oculos
637 1225 800 1267 dicitur.
859 1227 945 1268 Sed
984 1226 1142 1283 peritus
1174 1228 1300 1269 debet
1330 1244 1438 1278 esse,
1478 1239 1518 1270 et

102 1317 150 1341 ex
178 1302 268 1352 lege
298 1302 478 1344 Domini
509 1303 729 1356 diligenter
759 1304 967 1354 eruditus,
1004 1321 1060 1345 ne
1093 1306 1206 1345 forte
1245 1304 1332 1346 illic
1372 1306 1519 1348 timeat

101 1377 268 1428 timore,
287 1378 330 1434 ⁷)
360 1380 436 1421 ubi
464 1380 721 1422 necessarius
749 1396 841 1421 non
881 1380 958 1422 erit
993 1380 1134 1422 timor.
1194 1381 1427 1425 Ponendus
1458 1395 1519 1424 est

104 1468 204 1505 ergo
245 1470 412 1509 semper
448 1455 580 1498 timor
618 1456 701 1499 Dei
742 1469 838 1498 ante
879 1458 1047 1499 oculos:
1098 1474 1189 1499 non
1226 1458 1327 1501 istos
1366 1461 1515 1503 oculos

105 1530 263 1579 carnis,
304 1555 356 1562 —
394 1548 535 1588 neque
580 1533 694 1575 enim
738 1533 900 1576 visibile
939 1535 1099 1591 aliquid
1138 1548 1211 1578 aut
1254 1553 1516 1593 corporeum

103 1607 320 1661 quaeritur
349 1632 423 1659 -—,
452 1611 525 1651 sed
540 1609 586 1665 ⁸)
626 1621 722 1651 ante
763 1612 911 1652 oculos
948 1612 1120 1663 mentis,
1161 1612 1315 1668 quibus
1352 1613 1518 1656 timoris

102 1683 186 1725 Dei
217 1695 257 1725 et
283 1685 518 1727 intellectus
544 1698 583 1728 et
614 1687 808 1729 doctrina
837 1689 1104 1744 perspicitur,
1132 1706 1212 1746 per
1240 1706 1382 1745 quam,
1409 1690 1518 1733 sicut

101 1761 293 1816 superius
333 1762 531 1813 diximus,
571 1764 827 1817 intelligatur
843 1764 885 1820 ⁹)
928 1766 1031 1821 quid
1068 1767 1308 1808 timendum
1335 1767 1409 1818 sit,
1447 1779 1520 1810 aut

104 1839 206 1893 quid
246 1856 337 1880 non
384 1841 435 1882 sit
478 1841 730 1882 timendum.
804 1842 892 1896 Qui
932 1843 1076 1885 Deum
1115 1844 1254 1893 timet,
1293 1857 1518 1901 potestates

103 1915 259 1956 saeculi
286 1933 377 1958 non
405 1918 536 1959 timet.
592 1917 647 1959 Et
687 1919 789 1974 quid
821 1919 918 1962 dico
950 1922 1004 1962 de
1031 1922 1307 1977 potestatibus
1334 1921 1520 1966 saeculi?

103 1991 194 2032 Nec
227 1993 322 2035 illos
357 1994 730 2051 principatus‚¹⁰>
770 2008 810 2037 et
846 2008 1094 2053 potestates,
1133 2010 1173 2041 et
1211 1999 1363 2042 mundi
1394 1998 1518 2058 hujus

224 2151 269 2206 Ι)
300 2152 453 2195 Psalm.
485 2154 642 2204 CXIX,
671 2156 763 2198 165.
795 2154 1040 2211 (CXVIII.)

222 2222 269 2277 2)
298 2224 411 2266 Edd.
439 2225 633 2266 Merlini:
666 2227 814 2267 ductus
847 2236 915 2266 est.

222 2291 270 2347 3)
299 2293 455 2337 Psalm.
484 2294 678 2346 LXXVI,
705 2297 744 2338 2.
775 2296 995 2353 (LXXV.)

221 2360 268 2418 4)
299 2363 428 2406 Deest
456 2367 564 2415 „ad“
594 2366 639 2407 in
670 2367 735 2408 ed.
766 2366 828 2408 M.
857 2365 908 2409 II.

224 2433 269 2490 ⁵)
296 2434 407 2477 Edd.
436 2435 630 2478 Merlini:
661 2437 836 2479 addidit.

221 2502 268 2558 6)
297 2503 423 2546 Rom.
454 2506 526 2556 Ill,
556 2507 620 2550 18.
656 2508 752 2549 coll.
781 2508 932 2550 Psalm.
962 2508 1079 2560 XIV,
1107 2510 1147 2554 3.
1179 2510 1343 2568 (XIII.)

222 2572 268 2627 7)
297 2574 567 2619 Edd.Merl.:
586 2578 797 2620 timorem.
818 2603 870 2611 -—
892 2578 979 2621 Cfr.
996 2579 1284 2632 Psalm.XlV,
1302 2582 1340 2624 5.
1354 2582 1517 2638 (XIII.)

223 2643 270 2698 Β)
301 2645 430 2687 Alias:
460 2649 558 2697 „sed
592 2648 746 2691 dicitur
775 2651 829 2691 de
859 2650 992 2693 oculis
1025 2651 1215 2695 mentis.“
1242 2653 1294 2694 R.
1323 2678 1375 2685 —
1407 2654 1516 2697 Edd.

109 2697 303 2741 Merlini:
332 2704 405 2743 sed
437 2703 538 2745 dicit
573 2706 623 2746 de
654 2707 787 2748 oculis
815 2706 976 2748 mentis.

225 2769 271 2824 9)
300 2769 379 2814 Ed.
409 2773 467 2816 Μ.
498 2774 535 2814 I:
566 2775 833 2830 „intelligat“,
864 2779 928 2819 ed.
958 2778 1018 2819 M.
1049 2779 1109 2819 II:
1142 2778 1393 2832 „intelligitf‘

200 2838 271 2893 ¹⁰)
299 2839 452 2896 Ephes.
482 2845 554 2894 VI,
586 2847 650 2890 12.
