<?xml version="1.0" encoding="UTF-8"?>
<!DOCTYPE html PUBLIC "-//W3C//DTD XHTML 1.0 Transitional//EN"
    "http://www.w3.org/TR/xhtml1/DTD/xhtml1-transitional.dtd">
<html xmlns="http://www.w3.org/1999/xhtml" xml:lang="en" lang="en">
 <head>
  <title>
</title>
<meta http-equiv="Content-Type" content="text/html;charset=utf-8" />
  <meta name='ocr-system' content='tesseract 3.04.00' />
  <meta name='ocr-capabilities' content='ocr_page ocr_carea ocr_par ocr_line ocrx_word'/>
</head>
<body>
  <div class='ocr_page' id='page_1' title='image "./operaomniaquaegr06orig/operaomniaquaegr06orig_0144.png"; bbox 0 0 1788 3111; ppageno 0'>
   <div class='ocr_carea' id='block_1_1' title="bbox 202 133 1295 190">
    <p class='ocr_par' dir='ltr' id='par_1_1' title="bbox 202 133 1295 190">
     <span class='ocr_line' id='line_1_1' title="bbox 202 133 1295 190; baseline -0.01 0"><span class='ocrx_word' id='word_1_1' title='bbox 202 145 289 190; x_wconf 71' lang='lat'>132</span> <span class='ocrx_word' id='word_1_2' title='bbox 542 139 764 182; x_wconf 68' lang='lat' dir='ltr'>Omenms</span> <span class='ocrx_word' id='word_1_3' title='bbox 793 151 840 181; x_wconf 78' lang='lat' dir='ltr'>m</span> <span class='ocrx_word' id='word_1_4' title='bbox 868 138 947 180; x_wconf 71' lang='lat' dir='ltr'>Ei».</span> <span class='ocrx_word' id='word_1_5' title='bbox 977 147 1038 179; x_wconf 75' lang='lat' dir='ltr'>An</span> <span class='ocrx_word' id='word_1_6' title='bbox 1069 133 1295 179; x_wconf 66' lang='lat' dir='ltr'>Rowmuos</span> 
     </span>
    </p>
   </div>
   <div class='ocr_carea' id='block_1_2' title="bbox 208 248 1647 2314">
    <p class='ocr_par' dir='ltr' id='par_1_2' title="bbox 208 248 1647 2314">
     <span class='ocr_line' id='line_1_2' title="bbox 208 248 1635 308; baseline -0.007 -8"><span class='ocrx_word' id='word_1_7' title='bbox 208 271 288 308; x_wconf 78' lang='lat' dir='ltr'>est,</span> <span class='ocrx_word' id='word_1_8' title='bbox 334 256 450 298; x_wconf 89' lang='lat' dir='ltr'>solus</span> <span class='ocrx_word' id='word_1_9' title='bbox 481 251 790 295; x_wconf 76' lang='lat' dir='ltr'>circumcisioni</span> <span class='ocrx_word' id='word_1_10' title='bbox 832 249 967 291; x_wconf 77' lang='lat' dir='ltr'>carnis</span> <span class='ocrx_word' id='word_1_11' title='bbox 1006 248 1238 298; x_wconf 84' lang='lat' dir='ltr'>obnoxius,</span> <span class='ocrx_word' id='word_1_12' title='bbox 1282 248 1391 291; x_wconf 83' lang='lat' dir='ltr'>liber</span> <span class='ocrx_word' id='word_1_13' title='bbox 1421 261 1562 291; x_wconf 81' lang='lat' dir='ltr'>autem</span> <span class='ocrx_word' id='word_1_14' title='bbox 1594 261 1635 290; x_wconf 82' lang='lat' dir='ltr'>et</span> 
     </span>
     <span class='ocr_line' id='line_1_3' title="bbox 208 325 1635 387; baseline -0.008 -10"><span class='ocrx_word' id='word_1_15' title='bbox 208 336 368 377; x_wconf 79' lang='lat' dir='ltr'>alienus</span> <span class='ocrx_word' id='word_1_16' title='bbox 399 334 452 373; x_wconf 82' lang='lat' dir='ltr'>ab</span> <span class='ocrx_word' id='word_1_17' title='bbox 485 348 530 373; x_wconf 85' lang='lat' dir='ltr'>ea</span> <span class='ocrx_word' id='word_1_18' title='bbox 552 331 739 387; x_wconf 85' lang='lat' dir='ltr'>populus</span> <span class='ocrx_word' id='word_1_19' title='bbox 766 328 1019 386; x_wconf 74' lang='lat' dir='ltr'>proselytus,</span> <span class='ocrx_word' id='word_1_20' title='bbox 1052 326 1124 382; x_wconf 83' lang='lat' dir='ltr'>qui</span> <span class='ocrx_word' id='word_1_21' title='bbox 1148 326 1317 367; x_wconf 80' lang='lat' dir='ltr'>advenit</span> <span class='ocrx_word' id='word_1_22' title='bbox 1347 328 1400 367; x_wconf 83' lang='lat' dir='ltr'>ad</span> <span class='ocrx_word' id='word_1_23' title='bbox 1425 344 1529 377; x_wconf 86' lang='lat' dir='ltr'>eam,</span> <span class='ocrx_word' id='word_1_24' title='bbox 1562 325 1635 383; x_wconf 81' lang='lat' dir='ltr'>qui</span> 
     </span>
     <span class='ocr_line' id='line_1_4' title="bbox 209 403 1637 466; baseline -0.008 -11"><span class='ocrx_word' id='word_1_25' title='bbox 209 410 428 455; x_wconf 82' lang='lat' dir='ltr'>adscendit</span> <span class='ocrx_word' id='word_1_26' title='bbox 456 409 498 466; x_wconf 81' lang='lat'>¹)</span> <span class='ocrx_word' id='word_1_27' title='bbox 538 419 578 449; x_wconf 79' lang='lat' dir='ltr'>et</span> <span class='ocrx_word' id='word_1_28' title='bbox 617 409 752 447; x_wconf 75' lang='lat' dir='ltr'>factus</span> <span class='ocrx_word' id='word_1_29' title='bbox 794 416 854 445; x_wconf 87' lang='lat' dir='ltr'>est</span> <span class='ocrx_word' id='word_1_30' title='bbox 892 421 1083 445; x_wconf 86' lang='lat' dir='ltr'>sursum:</span> <span class='ocrx_word' id='word_1_31' title='bbox 1126 403 1199 443; x_wconf 71' lang='lat' dir='ltr'>ille</span> <span class='ocrx_word' id='word_1_32' title='bbox 1238 415 1380 446; x_wconf 72' lang='lat' dir='ltr'>autem</span> <span class='ocrx_word' id='word_1_33' title='bbox 1421 404 1637 446; x_wconf 80' lang='lat' dir='ltr'>descendit</span> 
     </span>
     <span class='ocr_line' id='line_1_5' title="bbox 213 480 1636 537; baseline -0.008 -5"><span class='ocrx_word' id='word_1_34' title='bbox 213 504 252 532; x_wconf 80' lang='lat' dir='ltr'>et</span> <span class='ocrx_word' id='word_1_35' title='bbox 281 492 416 531; x_wconf 81' lang='lat' dir='ltr'>sactus</span> <span class='ocrx_word' id='word_1_36' title='bbox 447 498 508 528; x_wconf 86' lang='lat' dir='ltr'>est</span> <span class='ocrx_word' id='word_1_37' title='bbox 539 487 760 532; x_wconf 67' lang='lat' dir='ltr'>dem-311m3</span> <span class='ocrx_word' id='word_1_38' title='bbox 792 493 832 523; x_wconf 84' lang='lat' dir='ltr'>et</span> <span class='ocrx_word' id='word_1_39' title='bbox 860 498 938 537; x_wconf 89' lang='lat' dir='ltr'>per</span> <span class='ocrx_word' id='word_1_40' title='bbox 958 481 1295 522; x_wconf 81' lang='lat' dir='ltr'>misericordiam</span> <span class='ocrx_word' id='word_1_41' title='bbox 1318 480 1475 522; x_wconf 76' lang='lat' dir='ltr'>Christi</span> <span class='ocrx_word' id='word_1_42' title='bbox 1502 482 1636 522; x_wconf 86' lang='lat' dir='ltr'>factus</span> 
     </span>
     <span class='ocr_line' id='line_1_6' title="bbox 213 556 1637 620; baseline -0.009 -10"><span class='ocrx_word' id='word_1_43' title='bbox 213 580 274 610; x_wconf 84' lang='lat' dir='ltr'>est</span> <span class='ocrx_word' id='word_1_44' title='bbox 303 567 380 608; x_wconf 83' lang='lat' dir='ltr'>iste</span> <span class='ocrx_word' id='word_1_45' title='bbox 411 563 598 620; x_wconf 82' lang='lat' dir='ltr'>populus</span> <span class='ocrx_word' id='word_1_46' title='bbox 629 561 673 601; x_wconf 84' lang='lat' dir='ltr'>in</span> <span class='ocrx_word' id='word_1_47' title='bbox 705 559 861 614; x_wconf 83' lang='lat' dir='ltr'>capite,</span> <span class='ocrx_word' id='word_1_48' title='bbox 903 569 943 598; x_wconf 83' lang='lat' dir='ltr'>et</span> <span class='ocrx_word' id='word_1_49' title='bbox 981 559 1054 600; x_wconf 76' lang='lat' dir='ltr'>ille</span> <span class='ocrx_word' id='word_1_50' title='bbox 1091 558 1136 599; x_wconf 81' lang='lat' dir='ltr'>in</span> <span class='ocrx_word' id='word_1_51' title='bbox 1177 560 1323 600; x_wconf 84' lang='lat' dir='ltr'>cauda.</span> <span class='ocrx_word' id='word_1_52' title='bbox 1379 556 1502 599; x_wconf 82' lang='lat' dir='ltr'>Facti</span> <span class='ocrx_word' id='word_1_53' title='bbox 1540 568 1637 598; x_wconf 82' lang='lat' dir='ltr'>sunt</span> 
     </span>
     <span class='ocr_line' id='line_1_7' title="bbox 216 635 1638 693; baseline -0.01 -6"><span class='ocrx_word' id='word_1_54' title='bbox 216 644 328 687; x_wconf 87' lang='lat' dir='ltr'>enim</span> <span class='ocrx_word' id='word_1_55' title='bbox 360 638 663 693; x_wconf 79' lang='lat' dir='ltr'>„novissimi2)</span> <span class='ocrx_word' id='word_1_56' title='bbox 692 635 833 692; x_wconf 76' lang='lat' dir='ltr'>primi,</span> <span class='ocrx_word' id='word_1_57' title='bbox 866 647 907 676; x_wconf 78' lang='lat' dir='ltr'>et</span> <span class='ocrx_word' id='word_1_58' title='bbox 934 635 1062 691; x_wconf 84' lang='lat' dir='ltr'>primi</span> <span class='ocrx_word' id='word_1_59' title='bbox 1092 635 1362 677; x_wconf 80' lang='lat' dir='ltr'>novissimi:“</span> <span class='ocrx_word' id='word_1_60' title='bbox 1394 646 1436 676; x_wconf 84' lang='lat' dir='ltr'>et</span> <span class='ocrx_word' id='word_1_61' title='bbox 1466 635 1523 675; x_wconf 86' lang='lat' dir='ltr'>ob</span> <span class='ocrx_word' id='word_1_62' title='bbox 1555 635 1638 674; x_wconf 85' lang='lat' dir='ltr'>hoc</span> 
     </span>
     <span class='ocr_line' id='line_1_8' title="bbox 216 713 1638 780; baseline -0.009 -17"><span class='ocrx_word' id='word_1_63' title='bbox 216 718 440 780; x_wconf 65' lang='lat' dir='ltr'>judicatss)</span> <span class='ocrx_word' id='word_1_64' title='bbox 470 716 527 767; x_wconf 83' lang='lat' dir='ltr'>id,</span> <span class='ocrx_word' id='word_1_65' title='bbox 560 716 678 771; x_wconf 86' lang='lat' dir='ltr'>quod</span> <span class='ocrx_word' id='word_1_66' title='bbox 710 730 755 754; x_wconf 74' lang='lat' dir='ltr'>ex</span> <span class='ocrx_word' id='word_1_67' title='bbox 787 725 938 753; x_wconf 80' lang='lat' dir='ltr'>natura</span> <span class='ocrx_word' id='word_1_68' title='bbox 971 724 1032 753; x_wconf 81' lang='lat' dir='ltr'>est</span> <span class='ocrx_word' id='word_1_69' title='bbox 1060 713 1345 769; x_wconf 83' lang='lat' dir='ltr'>praeputium,</span> <span class='ocrx_word' id='word_1_70' title='bbox 1375 714 1512 765; x_wconf 84' lang='lat' dir='ltr'>legem</span> <span class='ocrx_word' id='word_1_71' title='bbox 1541 727 1638 767; x_wconf 85' lang='lat' dir='ltr'>per-</span> 
     </span>
     <span class='ocr_line' id='line_1_9' title="bbox 213 787 1638 847; baseline -0.008 -9"><span class='ocrx_word' id='word_1_72' title='bbox 213 798 371 846; x_wconf 76' lang='lat' dir='ltr'>ficiens,</span> <span class='ocrx_word' id='word_1_73' title='bbox 402 795 520 843; x_wconf 80' lang='lat' dir='ltr'>illos,</span> <span class='ocrx_word' id='word_1_74' title='bbox 553 790 625 847; x_wconf 85' lang='lat' dir='ltr'>qui</span> <span class='ocrx_word' id='word_1_75' title='bbox 655 808 733 846; x_wconf 83' lang='lat' dir='ltr'>per</span> <span class='ocrx_word' id='word_1_76' title='bbox 762 790 928 830; x_wconf 75' lang='lat' dir='ltr'>literam</span> <span class='ocrx_word' id='word_1_77' title='bbox 960 802 1001 830; x_wconf 85' lang='lat' dir='ltr'>et</span> <span class='ocrx_word' id='word_1_78' title='bbox 1032 790 1398 831; x_wconf 71' lang='lat' dir='ltr'>circumcisionem</span> <span class='ocrx_word' id='word_1_79' title='bbox 1427 787 1638 845; x_wconf 81' lang='lat' dir='ltr'>praevari—</span> 
     </span>
     <span class='ocr_line' id='line_1_10' title="bbox 215 866 1640 923; baseline -0.008 -7"><span class='ocrx_word' id='word_1_80' title='bbox 215 887 376 915; x_wconf 73' lang='lat' dir='ltr'>catores</span> <span class='ocrx_word' id='word_1_81' title='bbox 407 882 504 913; x_wconf 79' lang='lat' dir='ltr'>sunt</span> <span class='ocrx_word' id='word_1_82' title='bbox 535 867 646 920; x_wconf 81' lang='lat' dir='ltr'>legis.</span> <span class='ocrx_word' id='word_1_83' title='bbox 699 868 800 907; x_wconf 79' lang='lat' dir='ltr'>Non</span> <span class='ocrx_word' id='word_1_84' title='bbox 832 866 941 907; x_wconf 83' lang='lat' dir='ltr'>enim</span> <span class='ocrx_word' id='word_1_85' title='bbox 963 867 1160 923; x_wconf 78' lang='lat' dir='ltr'>purificat</span> <span class='ocrx_word' id='word_1_86' title='bbox 1182 867 1368 908; x_wconf 80' lang='lat' dir='ltr'>animam</span> <span class='ocrx_word' id='word_1_87' title='bbox 1385 868 1500 916; x_wconf 84' lang='lat' dir='ltr'>haec,</span> <span class='ocrx_word' id='word_1_88' title='bbox 1534 881 1640 922; x_wconf 86' lang='lat' dir='ltr'>quae</span> 
     </span>
     <span class='ocr_line' id='line_1_11' title="bbox 214 942 1640 999; baseline -0.007 -7"><span class='ocrx_word' id='word_1_89' title='bbox 214 953 258 992; x_wconf 85' lang='lat' dir='ltr'>in</span> <span class='ocrx_word' id='word_1_90' title='bbox 289 949 512 991; x_wconf 75' lang='lat' dir='ltr'>manifesto</span> <span class='ocrx_word' id='word_1_91' title='bbox 544 947 611 994; x_wconf 73' lang='lat' dir='ltr'>fit,</span> <span class='ocrx_word' id='word_1_92' title='bbox 653 945 697 985; x_wconf 83' lang='lat' dir='ltr'>in</span> <span class='ocrx_word' id='word_1_93' title='bbox 729 961 856 985; x_wconf 85' lang='lat' dir='ltr'>carne</span> <span class='ocrx_word' id='word_1_94' title='bbox 895 944 1181 995; x_wconf 70' lang='lat' dir='ltr'>circumcisio,</span> <span class='ocrx_word' id='word_1_95' title='bbox 1218 946 1291 985; x_wconf 85' lang='lat' dir='ltr'>sed</span> <span class='ocrx_word' id='word_1_96' title='bbox 1321 944 1415 993; x_wconf 81' lang='lat' dir='ltr'>illa,</span> <span class='ocrx_word' id='word_1_97' title='bbox 1459 959 1567 999; x_wconf 86' lang='lat' dir='ltr'>quae</span> <span class='ocrx_word' id='word_1_98' title='bbox 1599 942 1640 982; x_wconf 81' lang='lat' dir='ltr'>in</span> 
     </span>
     <span class='ocr_line' id='line_1_12' title="bbox 216 1021 1643 1077; baseline -0.008 -7"><span class='ocrx_word' id='word_1_99' title='bbox 216 1029 386 1071; x_wconf 79' lang='lat' dir='ltr'>occulto</span> <span class='ocrx_word' id='word_1_100' title='bbox 420 1037 491 1075; x_wconf 85' lang='lat' dir='ltr'>est,</span> <span class='ocrx_word' id='word_1_101' title='bbox 524 1021 787 1064; x_wconf 71' lang='lat' dir='ltr'>circumcisio</span> <span class='ocrx_word' id='word_1_102' title='bbox 820 1021 983 1071; x_wconf 79' lang='lat' dir='ltr'>cordis,</span> <span class='ocrx_word' id='word_1_103' title='bbox 1017 1021 1105 1077; x_wconf 89' lang='lat' dir='ltr'>ipsa</span> <span class='ocrx_word' id='word_1_104' title='bbox 1136 1021 1335 1077; x_wconf 79' lang='lat' dir='ltr'>purificat</span> <span class='ocrx_word' id='word_1_105' title='bbox 1363 1033 1571 1070; x_wconf 81' lang='lat' dir='ltr'><strong>mentem,</strong></span> <span class='ocrx_word' id='word_1_106' title='bbox 1604 1032 1643 1059; x_wconf 78' lang='lat' dir='ltr'>ct</span> 
     </span>
     <span class='ocr_line' id='line_1_13' title="bbox 213 1098 1637 1148; baseline -0.008 0"><span class='ocrx_word' id='word_1_107' title='bbox 213 1106 416 1148; x_wconf 83' lang='lat' dir='ltr'>vitiorum</span> <span class='ocrx_word' id='word_1_108' title='bbox 457 1102 642 1142; x_wconf 87' lang='lat' dir='ltr'>maculas</span> <span class='ocrx_word' id='word_1_109' title='bbox 683 1098 904 1140; x_wconf 77' lang='lat' dir='ltr'>abscindit.</span> <span class='ocrx_word' id='word_1_110' title='bbox 965 1100 1180 1140; x_wconf 80' lang='lat' dir='ltr'>Hactenus</span> <span class='ocrx_word' id='word_1_111' title='bbox 1211 1098 1337 1139; x_wconf 79' lang='lat' dir='ltr'>nobis</span> <span class='ocrx_word' id='word_1_112' title='bbox 1376 1099 1428 1139; x_wconf 85' lang='lat' dir='ltr'>de</span> <span class='ocrx_word' id='word_1_113' title='bbox 1459 1098 1637 1139; x_wconf 87' lang='lat' dir='ltr'>circum-</span> 
     </span>
     <span class='ocr_line' id='line_1_14' title="bbox 217 1174 1641 1234; baseline -0.007 -10"><span class='ocrx_word' id='word_1_114' title='bbox 217 1183 377 1224; x_wconf 78' lang='lat' dir='ltr'>cisione</span> <span class='ocrx_word' id='word_1_115' title='bbox 409 1179 567 1222; x_wconf 84' lang='lat' dir='ltr'>carnali</span> <span class='ocrx_word' id='word_1_116' title='bbox 596 1195 677 1234; x_wconf 86' lang='lat' dir='ltr'>pro</span> <span class='ocrx_word' id='word_1_117' title='bbox 702 1176 861 1217; x_wconf 82' lang='lat' dir='ltr'>viribus</span> <span class='ocrx_word' id='word_1_118' title='bbox 893 1175 1053 1216; x_wconf 85' lang='lat' dir='ltr'>dictum</span> <span class='ocrx_word' id='word_1_119' title='bbox 1085 1175 1148 1217; x_wconf 85' lang='lat' dir='ltr'>sit.</span> <span class='ocrx_word' id='word_1_120' title='bbox 1195 1177 1284 1228; x_wconf 85' lang='lat' dir='ltr'>Age</span> <span class='ocrx_word' id='word_1_121' title='bbox 1304 1174 1390 1233; x_wconf 84' lang='lat' dir='ltr'>jam</span> <span class='ocrx_word' id='word_1_122' title='bbox 1406 1176 1641 1217; x_wconf 84' lang='lat' dir='ltr'>secundum</span> 
     </span>
     <span class='ocr_line' id='line_1_15' title="bbox 216 1251 1644 1313; baseline -0.006 -12"><span class='ocrx_word' id='word_1_123' title='bbox 216 1278 335 1309; x_wconf 88' lang='lat' dir='ltr'>eum,</span> <span class='ocrx_word' id='word_1_124' title='bbox 385 1256 457 1313; x_wconf 86' lang='lat' dir='ltr'>qui</span> <span class='ocrx_word' id='word_1_125' title='bbox 500 1255 625 1297; x_wconf 78' lang='lat' dir='ltr'>dixit:</span> <span class='ocrx_word' id='word_1_126' title='bbox 681 1253 814 1309; x_wconf 77' lang='lat' dir='ltr'>„quia</span> <span class='ocrx_word' id='word_1_127' title='bbox 831 1253 875 1309; x_wconf 66' lang='grc'>4)</span> <span class='ocrx_word' id='word_1_128' title='bbox 924 1253 989 1293; x_wconf 85' lang='lat' dir='ltr'>lex</span> <span class='ocrx_word' id='word_1_129' title='bbox 1028 1251 1255 1308; x_wconf 84' lang='lat' dir='ltr'>spiritualis</span> <span class='ocrx_word' id='word_1_130' title='bbox 1308 1258 1424 1293; x_wconf 85' lang='lat' dir='ltr'>est:“</span> <span class='ocrx_word' id='word_1_131' title='bbox 1476 1263 1517 1292; x_wconf 84' lang='lat' dir='ltr'>et</span> <span class='ocrx_word' id='word_1_132' title='bbox 1570 1252 1644 1308; x_wconf 83' lang='lat' dir='ltr'>qui</span> 
     </span>
     <span class='ocr_line' id='line_1_16' title="bbox 216 1328 1645 1388; baseline -0.007 -10"><span class='ocrx_word' id='word_1_133' title='bbox 216 1339 270 1378; x_wconf 85' lang='lat' dir='ltr'>de</span> <span class='ocrx_word' id='word_1_134' title='bbox 320 1334 403 1384; x_wconf 86' lang='lat' dir='ltr'>his,</span> <span class='ocrx_word' id='word_1_135' title='bbox 466 1348 574 1388; x_wconf 85' lang='lat' dir='ltr'>quae</span> <span class='ocrx_word' id='word_1_136' title='bbox 619 1332 864 1372; x_wconf 74' lang='lat' dir='ltr'>referuntur</span> <span class='ocrx_word' id='word_1_137' title='bbox 902 1329 947 1370; x_wconf 84' lang='lat' dir='ltr'>in</span> <span class='ocrx_word' id='word_1_138' title='bbox 987 1329 1100 1381; x_wconf 80' lang='lat' dir='ltr'>lege,</span> <span class='ocrx_word' id='word_1_139' title='bbox 1163 1328 1285 1379; x_wconf 82' lang='lat' dir='ltr'>dicit,</span> <span class='ocrx_word' id='word_1_140' title='bbox 1314 1329 1358 1384; x_wconf 81' lang='grc'>5)</span> <span class='ocrx_word' id='word_1_141' title='bbox 1405 1331 1524 1384; x_wconf 87' lang='lat' dir='ltr'>quod</span> <span class='ocrx_word' id='word_1_142' title='bbox 1567 1345 1645 1385; x_wconf 80' lang='lat' dir='ltr'>per</span> 
     </span>
     <span class='ocr_line' id='line_1_17' title="bbox 216 1397 1643 1467; baseline -0.006 -12"><span class='ocrx_word' id='word_1_143' title='bbox 216 1411 463 1467; x_wconf 83' lang='lat' dir='ltr'>allegoriam</span> <span class='ocrx_word' id='word_1_144' title='bbox 517 1409 626 1450; x_wconf 82' lang='lat' dir='ltr'>dicta</span> <span class='ocrx_word' id='word_1_145' title='bbox 682 1408 782 1449; x_wconf 74' lang='lat' dir='ltr'>sint:</span> <span class='ocrx_word' id='word_1_146' title='bbox 843 1397 950 1464; x_wconf 57' lang='lat' dir='ltr'>quid</span> <span class='ocrx_word' id='word_1_147' title='bbox 1004 1406 1129 1447; x_wconf 78' lang='lat' dir='ltr'>ctiam</span> <span class='ocrx_word' id='word_1_148' title='bbox 1186 1405 1421 1459; x_wconf 77' lang='lat' dir='ltr'>allegoricis</span> <span class='ocrx_word' id='word_1_149' title='bbox 1480 1406 1643 1459; x_wconf 85' lang='lat' dir='ltr'>legibus</span> 
     </span>
     <span class='ocr_line' id='line_1_18' title="bbox 218 1483 1643 1535; baseline -0.006 -1"><span class='ocrx_word' id='word_1_150' title='bbox 218 1494 271 1533; x_wconf 84' lang='lat' dir='ltr'>de</span> <span class='ocrx_word' id='word_1_151' title='bbox 320 1507 367 1532; x_wconf 83' lang='lat' dir='ltr'>ea</span> <span class='ocrx_word' id='word_1_152' title='bbox 417 1487 686 1531; x_wconf 86' lang='lat' dir='ltr'>sentiendum</span> <span class='ocrx_word' id='word_1_153' title='bbox 736 1485 810 1535; x_wconf 84' lang='lat' dir='ltr'>sit,</span> <span class='ocrx_word' id='word_1_154' title='bbox 862 1484 1090 1533; x_wconf 78' lang='lat' dir='ltr'>videamus.</span> <span class='ocrx_word' id='word_1_155' title='bbox 1169 1483 1268 1526; x_wconf 83' lang='lat' dir='ltr'>Scio</span> <span class='ocrx_word' id='word_1_156' title='bbox 1310 1484 1549 1525; x_wconf 84' lang='lat' dir='ltr'>multorum</span> <span class='ocrx_word' id='word_1_157' title='bbox 1590 1485 1643 1525; x_wconf 86' lang='lat' dir='ltr'>de</span> 
     </span>
     <span class='ocr_line' id='line_1_19' title="bbox 219 1560 1643 1617; baseline -0.006 -7"><span class='ocrx_word' id='word_1_158' title='bbox 219 1571 301 1609; x_wconf 82' lang='lat' dir='ltr'>hoc</span> <span class='ocrx_word' id='word_1_159' title='bbox 342 1566 444 1608; x_wconf 82' lang='lat' dir='ltr'>ferri</span> <span class='ocrx_word' id='word_1_160' title='bbox 482 1564 614 1614; x_wconf 83' lang='lat' dir='ltr'>dicta,</span> <span class='ocrx_word' id='word_1_161' title='bbox 667 1563 734 1603; x_wconf 78' lang='lat' dir='ltr'>vel</span> <span class='ocrx_word' id='word_1_162' title='bbox 774 1560 948 1617; x_wconf 80' lang='lat' dir='ltr'>scripta3</span> <span class='ocrx_word' id='word_1_163' title='bbox 1000 1564 1073 1603; x_wconf 81' lang='lat' dir='ltr'>sed</span> <span class='ocrx_word' id='word_1_164' title='bbox 1115 1574 1155 1602; x_wconf 80' lang='lat' dir='ltr'>et</span> <span class='ocrx_word' id='word_1_165' title='bbox 1203 1579 1303 1611; x_wconf 87' lang='lat' dir='ltr'>nos,</span> <span class='ocrx_word' id='word_1_166' title='bbox 1343 1578 1451 1616; x_wconf 87' lang='lat' dir='ltr'>quae</span> <span class='ocrx_word' id='word_1_167' title='bbox 1488 1561 1643 1602; x_wconf 82' lang='lat' dir='ltr'>Domi-</span> 
     </span>
     <span class='ocr_line' id='line_1_20' title="bbox 217 1638 1643 1694; baseline -0.006 -8"><span class='ocrx_word' id='word_1_168' title='bbox 217 1663 298 1686; x_wconf 89' lang='lat' dir='ltr'>nus</span> <span class='ocrx_word' id='word_1_169' title='bbox 346 1642 533 1691; x_wconf 82' lang='lat' dir='ltr'>dederit,</span> <span class='ocrx_word' id='word_1_170' title='bbox 592 1641 646 1680; x_wconf 86' lang='lat' dir='ltr'>ad</span> <span class='ocrx_word' id='word_1_171' title='bbox 690 1655 758 1688; x_wconf 86' lang='lat' dir='ltr'>ea,</span> <span class='ocrx_word' id='word_1_172' title='bbox 808 1655 916 1694; x_wconf 84' lang='lat' dir='ltr'>quae</span> <span class='ocrx_word' id='word_1_173' title='bbox 963 1640 1016 1679; x_wconf 84' lang='lat' dir='ltr'>ab</span> <span class='ocrx_word' id='word_1_174' title='bbox 1061 1638 1151 1680; x_wconf 80' lang='lat' dir='ltr'>aliis</span> <span class='ocrx_word' id='word_1_175' title='bbox 1197 1640 1425 1679; x_wconf 86' lang='lat' dir='ltr'>commode</span> <span class='ocrx_word' id='word_1_176' title='bbox 1464 1655 1643 1693; x_wconf 80' lang='lat' dir='ltr'>compo-</span> 
     </span>
     <span class='ocr_line' id='line_1_21' title="bbox 219 1714 1646 1768; baseline -0.006 -5"><span class='ocrx_word' id='word_1_177' title='bbox 219 1722 294 1763; x_wconf 79' lang='lat' dir='ltr'>sita</span> <span class='ocrx_word' id='word_1_178' title='bbox 340 1721 558 1767; x_wconf 84' lang='lat' dir='ltr'>videntur,</span> <span class='ocrx_word' id='word_1_179' title='bbox 605 1718 823 1757; x_wconf 81' lang='lat' dir='ltr'>addemus.</span> <span class='ocrx_word' id='word_1_180' title='bbox 905 1715 1221 1756; x_wconf 74' lang='lat' dir='ltr'>Circumcidere</span> <span class='ocrx_word' id='word_1_181' title='bbox 1270 1727 1331 1768; x_wconf 74' lang='lat' dir='ltr'>est</span> <span class='ocrx_word' id='word_1_182' title='bbox 1379 1731 1426 1755; x_wconf 81' lang='lat' dir='ltr'>ex</span> <span class='ocrx_word' id='word_1_183' title='bbox 1476 1714 1646 1768; x_wconf 68' lang='lat' dir='ltr'>genitali</span> 
     </span>
     <span class='ocr_line' id='line_1_22' title="bbox 219 1791 1646 1851; baseline -0.006 -12"><span class='ocrx_word' id='word_1_184' title='bbox 219 1799 438 1846; x_wconf 84' lang='lat' dir='ltr'>membro,</span> <span class='ocrx_word' id='word_1_185' title='bbox 477 1811 555 1851; x_wconf 89' lang='lat' dir='ltr'>per</span> <span class='ocrx_word' id='word_1_186' title='bbox 596 1795 714 1849; x_wconf 89' lang='lat' dir='ltr'>quod</span> <span class='ocrx_word' id='word_1_187' title='bbox 756 1791 962 1833; x_wconf 74' lang='lat' dir='ltr'>successio</span> <span class='ocrx_word' id='word_1_188' title='bbox 994 1792 1169 1833; x_wconf 80' lang='lat' dir='ltr'>humani</span> <span class='ocrx_word' id='word_1_189' title='bbox 1199 1791 1360 1845; x_wconf 81' lang='lat' dir='ltr'>generis</span> <span class='ocrx_word' id='word_1_190' title='bbox 1399 1803 1439 1832; x_wconf 88' lang='lat' dir='ltr'>et</span> <span class='ocrx_word' id='word_1_191' title='bbox 1469 1791 1646 1832; x_wconf 82' lang='lat' dir='ltr'>carnalis</span> 
     </span>
     <span class='ocr_line' id='line_1_23' title="bbox 219 1869 1647 1932; baseline -0.005 -15"><span class='ocrx_word' id='word_1_192' title='bbox 219 1891 413 1932; x_wconf 81' lang='lat' dir='ltr'>propago</span> <span class='ocrx_word' id='word_1_193' title='bbox 445 1871 720 1919; x_wconf 82' lang='lat' dir='ltr'>ministratur,</span> <span class='ocrx_word' id='word_1_194' title='bbox 751 1881 972 1925; x_wconf 86' lang='lat' dir='ltr'>amputare</span> <span class='ocrx_word' id='word_1_195' title='bbox 1002 1869 1188 1925; x_wconf 80' lang='lat' dir='ltr'>aliquam</span> <span class='ocrx_word' id='word_1_196' title='bbox 1214 1881 1391 1924; x_wconf 76' lang='lat' dir='ltr'>partem.</span> <span class='ocrx_word' id='word_1_197' title='bbox 1451 1869 1535 1910; x_wconf 88' lang='lat' dir='ltr'>Per</span> <span class='ocrx_word' id='word_1_198' title='bbox 1563 1871 1647 1910; x_wconf 87' lang='lat' dir='ltr'>hoc</span> 
     </span>
     <span class='ocr_line' id='line_1_24' title="bbox 222 1945 1646 2007; baseline -0.006 -13"><span class='ocrx_word' id='word_1_199' title='bbox 222 1962 333 2007; x_wconf 82' lang='lat' dir='ltr'>ergo&#39;</span> <span class='ocrx_word' id='word_1_200' title='bbox 352 1948 530 1992; x_wconf 74' lang='lat' dir='ltr'>indIcari</span> <span class='ocrx_word' id='word_1_201' title='bbox 560 1948 791 2002; x_wconf 70' lang='lat' dir='ltr'>figuraliter</span> <span class='ocrx_word' id='word_1_202' title='bbox 822 1964 931 1996; x_wconf 86' lang='lat' dir='ltr'>reor,</span> <span class='ocrx_word' id='word_1_203' title='bbox 963 1948 1268 2003; x_wconf 76' lang='lat' dir='ltr'>amputandam</span> <span class='ocrx_word' id='word_1_204' title='bbox 1302 1963 1388 1987; x_wconf 85' lang='lat' dir='ltr'>esse</span> <span class='ocrx_word' id='word_1_205' title='bbox 1416 1947 1468 1987; x_wconf 92' lang='lat' dir='ltr'>ab</span> <span class='ocrx_word' id='word_1_206' title='bbox 1492 1945 1646 1995; x_wconf 80' lang='lat' dir='ltr'>anima,</span> 
     </span>
     <span class='ocr_line' id='line_1_25' title="bbox 220 2023 1647 2087; baseline -0.006 -15"><span class='ocrx_word' id='word_1_207' title='bbox 220 2026 255 2074; x_wconf 78' lang='lat' dir='ltr'>si</span> <span class='ocrx_word' id='word_1_208' title='bbox 293 2046 377 2087; x_wconf 84' lang='lat' dir='ltr'>qua</span> <span class='ocrx_word' id='word_1_209' title='bbox 414 2027 478 2069; x_wconf 83' lang='lat' dir='ltr'>illi</span> <span class='ocrx_word' id='word_1_210' title='bbox 519 2044 567 2068; x_wconf 87' lang='lat' dir='ltr'>ex</span> <span class='ocrx_word' id='word_1_211' title='bbox 606 2024 823 2067; x_wconf 81' lang='lat' dir='ltr'>consortio</span> <span class='ocrx_word' id='word_1_212' title='bbox 866 2024 1001 2065; x_wconf 82' lang='lat' dir='ltr'>carnis</span> <span class='ocrx_word' id='word_1_213' title='bbox 1041 2023 1287 2078; x_wconf 72' lang='lat' dir='ltr'>adhaesitss)</span> <span class='ocrx_word' id='word_1_214' title='bbox 1329 2023 1571 2079; x_wconf 83' lang='lat' dir='ltr'>impuritas,</span> <span class='ocrx_word' id='word_1_215' title='bbox 1614 2023 1647 2064; x_wconf 81' lang='lat' dir='ltr'>si</span> 
     </span>
     <span class='ocr_line' id='line_1_26' title="bbox 223 2091 1644 2165; baseline -0.006 -15"><span class='ocrx_word' id='word_1_216' title='bbox 223 2108 316 2165; x_wconf 82' lang='lat' dir='ltr'>quis</span> <span class='ocrx_word' id='word_1_217' title='bbox 366 2123 459 2148; x_wconf 84' lang='lat' dir='ltr'>eam</span> <span class='ocrx_word' id='word_1_218' title='bbox 506 2099 694 2145; x_wconf 80' lang='lat' dir='ltr'>libidinis</span> <span class='ocrx_word' id='word_1_219' title='bbox 743 2091 1023 2143; x_wconf 62' lang='lat' dir='ltr'>malesuadae⁵</span> <span class='ocrx_word' id='word_1_220' title='bbox 1053 2118 1198 2142; x_wconf 86' lang='lat' dir='ltr'>sensus</span> <span class='ocrx_word' id='word_1_221' title='bbox 1237 2100 1409 2142; x_wconf 76' lang='lat' dir='ltr'>obtexit.</span> <span class='ocrx_word' id='word_1_222' title='bbox 1479 2101 1644 2142; x_wconf 83' lang='lat' dir='ltr'>Idcirco</span> 
     </span>
     <span class='ocr_line' id='line_1_27' title="bbox 222 2177 1647 2239; baseline -0.006 -13"><span class='ocrx_word' id='word_1_223' title='bbox 222 2185 348 2239; x_wconf 79' lang='lat' dir='ltr'>igitur</span> <span class='ocrx_word' id='word_1_224' title='bbox 383 2200 474 2224; x_wconf 89' lang='lat' dir='ltr'>non</span> <span class='ocrx_word' id='word_1_225' title='bbox 514 2181 605 2223; x_wconf 83' lang='lat' dir='ltr'>aliis</span> <span class='ocrx_word' id='word_1_226' title='bbox 634 2180 712 2221; x_wconf 81' lang='lat' dir='ltr'>ista</span> <span class='ocrx_word' id='word_1_227' title='bbox 743 2178 1011 2234; x_wconf 76' lang='lat' dir='ltr'>desecti0,⁷)</span> <span class='ocrx_word' id='word_1_228' title='bbox 1051 2180 1124 2219; x_wconf 84' lang='lat' dir='ltr'>sed</span> <span class='ocrx_word' id='word_1_229' title='bbox 1165 2177 1414 2231; x_wconf 69' lang='lat' dir='ltr'>genitalibus</span> <span class='ocrx_word' id='word_1_230' title='bbox 1444 2177 1647 2218; x_wconf 84' lang='lat' dir='ltr'>membris</span> 
     </span>
     <span class='ocr_line' id='line_1_28' title="bbox 222 2255 1643 2314; baseline -0.005 -12"><span class='ocrx_word' id='word_1_231' title='bbox 222 2261 423 2314; x_wconf 81' lang='lat' dir='ltr'>infigitur,</span> <span class='ocrx_word' id='word_1_232' title='bbox 454 2271 501 2300; x_wconf 87' lang='lat' dir='ltr'>ut</span> <span class='ocrx_word' id='word_1_233' title='bbox 531 2259 699 2308; x_wconf 78' lang='lat' dir='ltr'>clareat,</span> <span class='ocrx_word' id='word_1_234' title='bbox 730 2259 849 2313; x_wconf 85' lang='lat' dir='ltr'>quod</span> <span class='ocrx_word' id='word_1_235' title='bbox 879 2255 1126 2313; x_wconf 76' lang='lat' dir='ltr'>hujusmodi</span> <span class='ocrx_word' id='word_1_236' title='bbox 1157 2255 1253 2297; x_wconf 85' lang='lat' dir='ltr'>vitia</span> <span class='ocrx_word' id='word_1_237' title='bbox 1283 2255 1446 2297; x_wconf 78' lang='lat' dir='ltr'>animae</span> <span class='ocrx_word' id='word_1_238' title='bbox 1477 2272 1563 2295; x_wconf 80' lang='lat' dir='ltr'>non</span> <span class='ocrx_word' id='word_1_239' title='bbox 1597 2271 1643 2295; x_wconf 73' lang='lat' dir='ltr'>cx</span> 
     </span>
    </p>
   </div>
   <div class='ocr_carea' id='block_1_3' title="bbox 221 2332 1644 2395">
    <p class='ocr_par' dir='ltr' id='par_1_3' title="bbox 221 2332 1644 2395">
     <span class='ocr_line' id='line_1_29' title="bbox 221 2332 1644 2395; baseline -0.006 -16"><span class='ocrx_word' id='word_1_240' title='bbox 221 2337 398 2395; x_wconf 82' lang='lat' dir='ltr'>propria</span> <span class='ocrx_word' id='word_1_241' title='bbox 440 2334 694 2386; x_wconf 77' lang='lat' dir='ltr'>substantia,</span> <span class='ocrx_word' id='word_1_242' title='bbox 743 2336 817 2376; x_wconf 85' lang='lat' dir='ltr'>sed</span> <span class='ocrx_word' id='word_1_243' title='bbox 863 2351 910 2376; x_wconf 85' lang='lat' dir='ltr'>ex</span> <span class='ocrx_word' id='word_1_244' title='bbox 955 2332 1140 2386; x_wconf 79' lang='lat' dir='ltr'>genuino</span> <span class='ocrx_word' id='word_1_245' title='bbox 1185 2344 1306 2374; x_wconf 75' lang='lat' dir='ltr'>motu</span> <span class='ocrx_word' id='word_1_246' title='bbox 1351 2345 1391 2373; x_wconf 80' lang='lat' dir='ltr'>et</span> <span class='ocrx_word' id='word_1_247' title='bbox 1434 2332 1644 2373; x_wconf 70' lang='lat' dir='ltr'>incentivo</span> 
     </span>
    </p>
   </div>
   <div class='ocr_carea' id='block_1_4' title="bbox 340 2523 1642 2933">
    <p class='ocr_par' dir='ltr' id='par_1_4' title="bbox 343 2523 1155 2582">
     <span class='ocr_line' id='line_1_30' title="bbox 343 2523 1155 2582; baseline -0.004 -16"><span class='ocrx_word' id='word_1_248' title='bbox 343 2527 385 2582; x_wconf 87' lang='lat'>¹)</span> <span class='ocrx_word' id='word_1_249' title='bbox 417 2526 729 2567; x_wconf 65' lang='lat' dir='ltr'>Deum-onom.</span> <span class='ocrx_word' id='word_1_250' title='bbox 760 2525 965 2574; x_wconf 80' lang='lat' dir='ltr'>XXVIII,</span> <span class='ocrx_word' id='word_1_251' title='bbox 994 2525 1060 2567; x_wconf 85' lang='grc'>43.</span> <span class='ocrx_word' id='word_1_252' title='bbox 1090 2523 1155 2567; x_wconf 86' lang='grc'>44.</span> 
     </span>
    </p>

    <p class='ocr_par' dir='ltr' id='par_1_5' title="bbox 340 2595 799 2651">
     <span class='ocr_line' id='line_1_31' title="bbox 340 2595 799 2651; baseline -0.002 -14"><span class='ocrx_word' id='word_1_253' title='bbox 340 2595 387 2651; x_wconf 77' lang='lat'>²)</span> <span class='ocrx_word' id='word_1_254' title='bbox 418 2596 570 2637; x_wconf 81' lang='lat' dir='ltr'>Matth.</span> <span class='ocrx_word' id='word_1_255' title='bbox 602 2596 701 2644; x_wconf 90' lang='lat' dir='ltr'>XX,</span> <span class='ocrx_word' id='word_1_256' title='bbox 734 2595 799 2638; x_wconf 88' lang='lat'>16.</span> 
     </span>
    </p>

    <p class='ocr_par' dir='ltr' id='par_1_6' title="bbox 342 2662 1273 2721">
     <span class='ocr_line' id='line_1_32' title="bbox 342 2662 1273 2721; baseline -0.001 -14"><span class='ocrx_word' id='word_1_257' title='bbox 342 2666 389 2721; x_wconf 85' lang='lat'>³)</span> <span class='ocrx_word' id='word_1_258' title='bbox 419 2667 545 2707; x_wconf 86' lang='lat' dir='ltr'>Rom.</span> <span class='ocrx_word' id='word_1_259' title='bbox 575 2665 629 2715; x_wconf 88' lang='grc' dir='ltr'>ΙῘ,</span> <span class='ocrx_word' id='word_1_260' title='bbox 660 2663 869 2708; x_wconf 79' lang='lat'>27.—28.</span> <span class='ocrx_word' id='word_1_261' title='bbox 901 2662 967 2706; x_wconf 76' lang='lat'>29.</span> <span class='ocrx_word' id='word_1_262' title='bbox 1157 2703 1160 2706; x_wconf 16' lang='grc' dir='ltr'><em>Δ</em></span> <span class='ocrx_word' id='word_1_263' title='bbox 1266 2702 1273 2708; x_wconf 91' lang='grc'><strong>.</strong></span> 
     </span>
    </p>

    <p class='ocr_par' dir='ltr' id='par_1_7' title="bbox 342 2733 1313 2790">
     <span class='ocr_line' id='line_1_33' title="bbox 342 2733 1313 2790; baseline -0.001 -14"><span class='ocrx_word' id='word_1_264' title='bbox 342 2737 387 2790; x_wconf 78' lang='lat'>¹²)</span> <span class='ocrx_word' id='word_1_265' title='bbox 418 2736 544 2776; x_wconf 79' lang='lat' dir='ltr'>Rom.</span> <span class='ocrx_word' id='word_1_266' title='bbox 576 2736 671 2785; x_wconf 86' lang='lat' dir='ltr'>VII,</span> <span class='ocrx_word' id='word_1_267' title='bbox 704 2736 768 2780; x_wconf 85' lang='grc'>14.</span> <span class='ocrx_word' id='word_1_268' title='bbox 896 2735 941 2790; x_wconf 77' lang='lat'>⁵)</span> <span class='ocrx_word' id='word_1_269' title='bbox 974 2733 1111 2774; x_wconf 73' lang='lat' dir='ltr'>Galat.</span> <span class='ocrx_word' id='word_1_270' title='bbox 1144 2734 1215 2783; x_wconf 89' lang='lat' dir='ltr'>IV,</span> <span class='ocrx_word' id='word_1_271' title='bbox 1245 2734 1313 2775; x_wconf 78' lang='grc'>24.</span> 
     </span>
    </p>

    <p class='ocr_par' dir='ltr' id='par_1_8' title="bbox 341 2804 998 2861">
     <span class='ocr_line' id='line_1_34' title="bbox 341 2804 998 2861; baseline -0.003 -14"><span class='ocrx_word' id='word_1_272' title='bbox 341 2805 387 2861; x_wconf 82' lang='lat'>⁶)</span> <span class='ocrx_word' id='word_1_273' title='bbox 419 2807 529 2847; x_wconf 87' lang='lat' dir='ltr'>Edd.</span> <span class='ocrx_word' id='word_1_274' title='bbox 561 2804 754 2847; x_wconf 83' lang='lat' dir='ltr'>Merlini:</span> <span class='ocrx_word' id='word_1_275' title='bbox 788 2806 998 2846; x_wconf 76' lang='lat' dir='ltr'>adhaeret.</span> 
     </span>
    </p>

    <p class='ocr_par' dir='ltr' id='par_1_9' title="bbox 342 2872 1642 2933">
     <span class='ocr_line' id='line_1_35' title="bbox 342 2872 1642 2933; baseline -0.003 -15"><span class='ocrx_word' id='word_1_276' title='bbox 342 2875 388 2931; x_wconf 78' lang='lat'>⁷)</span> <span class='ocrx_word' id='word_1_277' title='bbox 420 2876 722 2919; x_wconf 78' lang='lat' dir='ltr'>Genebrardus</span> <span class='ocrx_word' id='word_1_278' title='bbox 735 2873 1152 2933; x_wconf 77' lang='lat' dir='ltr'>(itemq.ed.M.lI.):</span> <span class='ocrx_word' id='word_1_279' title='bbox 1176 2872 1426 2926; x_wconf 79' lang='lat' dir='ltr'>‚‚desectio.“</span> <span class='ocrx_word' id='word_1_280' title='bbox 1445 2873 1574 2915; x_wconf 82' lang='lat' dir='ltr'>Male.</span> <span class='ocrx_word' id='word_1_281' title='bbox 1593 2873 1642 2914; x_wconf 86' lang='lat' dir='ltr'>R.</span> 
     </span>
    </p>
   </div>
   <div class='ocr_carea' id='block_1_5' title="bbox 1754 1255 1788 3111">
    <p class='ocr_par' dir='ltr' id='par_1_10' title="bbox 1754 1255 1788 3111">
     <span class='ocr_line' id='line_1_36' title="bbox 1754 1255 1788 3111; baseline 0 0"><span class='ocrx_word' id='word_1_282' title='bbox 1754 1255 1788 3111; x_wconf 95' lang='lat' dir='ltr'> </span> 
     </span>
    </p>
   </div>
  </div>
 </body>
</html>
