1788 3111
509 125 946 170 COMMENTAmoRUm
975 127 1066 168 Lm.
1096 126 1169 167 111.
1459 125 1542 168 221

130 237 333 291 gloriatur
363 239 602 293 Apostolus.
662 235 767 292 Quis
798 238 910 279 enim
941 249 1054 279 recte
1092 239 1158 278 vel
1194 253 1322 294 super
1363 237 1546 278 castitate

129 332 205 357 sua
239 315 507 366 gloriabitur,
547 333 644 357 cum
673 315 875 370 scripturn
906 316 1034 367 legat,
1074 314 1171 370 quia
1200 314 1318 369 „si¹)
1350 314 1439 369 quis
1471 315 1546 355 ad-

130 394 308 447 spexerit
338 393 555 434 mulierem
586 393 639 433 ad
670 391 1057 447 concupiscendum
1094 408 1198 440 eam,
1228 388 1313 447 jam
1344 391 1547 432 moecha-

130 480 196 511 tus
235 480 293 511 est
332 484 423 510 eam
463 470 504 510 in
548 471 676 510 corde
719 467 861 510 suo?“
924 468 1051 509 Unde
1093 480 1131 508 et
1170 467 1383 523 propheta
1421 467 1545 508 dicit:

131 546 445 601 „quomod0²)
490 546 736 596 gloriabitur
783 545 873 600 quis
911 557 1069 587 castum
1117 561 1160 585 se
1207 544 1364 585 habere
1405 544 1546 585 cor?“

129 624 217 663 Aut
248 623 338 678 quis
368 621 615 673 gloriabitur
650 637 776 677 super
810 622 1034 679 sapientia,
1065 620 1222 675 cum3)
1250 620 1453 676 scriptum
1484 620 1547 662 vi·-

131 701 245 748 deat,
303 699 398 754 quia
443 699 653 748 „mundus
668 696 712 753 ⁴²)
770 714 849 754 per
904 697 1153 754 sapientiam
1198 714 1290 738 non
1350 698 1548 748 cognovit

128 775 355 830 Deum:⁵)
385 786 424 816 et
451 774 548 815 ideo
580 775 740 830 placuit
768 775 866 815 Deo
904 791 982 830 per
1009 773 1224 816 stultitiam
1263 774 1548 830 praedicatio·-

129 851 194 893 nis
229 853 364 894 salvos
406 852 546 892 facere
577 849 856 893 eredentes?“
894 862 934 891 et
975 851 1149 891 iterum:
1193 849 1384 906 „quae⁶)
1423 852 1547 892 stulta

128 940 226 993 sunt
254 927 425 977 mundi,
464 928 585 979 elegit
623 927 763 978 Deus,
801 939 848 969 ut
887 928 1122 968 confundat
1158 925 1392 982 sapientes?
1437 926 1546 980 Quis

130 1013 270 1045 autem
323 1005 387 1045 vel
425 1021 553 1060 super
599 1003 753 1062 justitia
802 1021 877 1055 sua
924 1003 1195 1055 gloriabitur,
1254 1021 1350 1044 cum
1401 1004 1545 1044 audiat

127 1079 270 1121 Deum
305 1097 383 1135 per
416 1082 672 1137 prophetam
715 1082 948 1130 dicentem,
991 1081 1089 1136 quia
1127 1080 1348 1134 „omnis⁷)
1390 1078 1547 1136 justitia

129 1168 262 1198 vestra
304 1158 409 1199 sicut
447 1175 614 1213 pannus
653 1158 840 1200 mulieris
883 1156 1222 1199 menstruatae?“
1280 1157 1383 1198 Sola
1421 1157 1548 1209 igitur

129 1231 235 1288 iusta
276 1233 470 1284 gloriatio
522 1247 580 1275 est
615 1235 660 1275 in
697 1236 784 1276 fide
821 1236 954 1276 crucis
986 1233 1161 1283 Christi,
1212 1251 1320 1290 quae
1365 1234 1549 1275 excludit

133 1326 304 1351 omnem
345 1311 461 1350 illam
506 1310 824 1362 gloriationem,
872 1327 979 1366 quae
1018 1310 1233 1352 descendit
1269 1327 1315 1351 ex
1347 1310 1547 1367 operibus

129 1388 242 1438 legis.
300 1386 416 1427 Haec
448 1398 584 1427 autem
617 1402 639 1427 a
675 1387 800 1428 nobis
831 1388 941 1428 dicta
971 1399 1067 1429 sunt
1095 1404 1175 1442 pro
1209 1403 1273 1435 eo,
1306 1388 1424 1441 quod
1451 1398 1546 1427 tan-

135 1480 263 1518 quam
294 1463 588 1516 interrogantis
604 1462 648 1519 3)
678 1480 875 1505 sermone
897 1464 997 1505 dixit
1019 1464 1270 1519 Apostolus:
1294 1463 1395 1512 „ubi
1413 1462 1457 1518 ⁹)
1488 1475 1548 1504 est

132 1555 232 1591 ergo
264 1539 456 1591 gloriatio
486 1539 612 1582 tua?“
641 1541 697 1581 Et
728 1542 781 1582 ad
817 1541 920 1580 haec
948 1539 1029 1581 sibi
1065 1539 1155 1594 ipse
1183 1540 1422 1594 respondit:
1449 1556 1546 1589 „ex-

131 1617 244 1656 clusa
285 1621 380 1657 est.¹‘
435 1615 491 1656 Et
530 1633 717 1666 rursum,
755 1616 873 1671 quasi
911 1614 1089 1671 ipsem)
1129 1614 1258 1671 se¹¹)
1305 1616 1547 1666 interroget,

128 1692 205 1733 ait:
236 1691 428 1748 „pei-¹²)
465 1708 592 1746 quam
622 1691 785 1744 legem?
825 1692 1017 1747 Operum
1033 1690 1081 1732 ?“
1116 1690 1172 1731 Et
1209 1692 1430 1747 respondit
1466 1692 1547 1733 sibi

127 1769 228 1825 ipsi:
269 1785 406 1819 ,‚non:
443 1769 517 1810 sed
554 1784 632 1823 per
675 1770 809 1820 legem
858 1768 968 1810 fidei.
1033 1768 1391 1824 Arbitramurffi)
1431 1753 1545 1810 enini

128 1844 345 1902 justificari
395 1845 615 1887 hominem
672 1862 751 1902 per
801 1847 950 1895 fidem,
1007 1844 1097 1887 sine
1153 1844 1354 1900 operibus
1407 1846 1545 1899 legis.⁴‘

248 2025 291 2081 ¹)
321 2025 472 2067 Matth.
502 2027 554 2077 V,
584 2027 650 2070 28.
799 2027 844 2083 ²)
872 2027 998 2068 Prov.
1028 2026 1127 2076 XX,
1157 2027 1196 2068 9.

247 2094 293 2149 ³)
325 2096 405 2156 Ed3
435 2096 495 2136 M.
526 2096 557 2136 Ι.
586 2097 719 2138 male:
755 2113 851 2137 cum
886 2096 1086 2136 christum
1117 2095 1254 2136 videat
1286 2106 1359 2137 etc.

245 2163 291 2218 ⁴>
320 2164 339 2203 1
372 2163 470 2205 cor.
502 2164 532 2213 l,
560 2167 627 2208 21.

245 2233 290 2288 ⁵)
320 2234 429 2274 Edd.
458 2234 656 2275 Merlini:
685 2232 841 2275 deum?
870 2245 908 2274 et
934 2234 1032 2275 ideo
1066 2258 1117 2264 —-
1147 2236 1287 2276 facere
1305 2237 1541 2279 credentes:

131 2301 170 2331 et
201 2313 266 2338 —-,
295 2302 341 2331 ut
373 2291 608 2330 confundat
633 2291 850 2346 sapientes.
907 2289 1014 2343 Quis
1045 2301 1184 2331 autem
1212 2303 1285 2332 etc.

249 2357 296 2414 ⁶)
327 2358 346 2399 I
377 2357 478 2400 Cor.
508 2359 540 2408 I,
567 2360 634 2401 27.
755 2359 798 2414 ⁷)
829 2359 950 2401 Jesai.
980 2359 1128 2408 LXIV,
1159 2359 1196 2401 6.

243 2427 291 2483 ⁸)
328 2428 438 2469 Alias
467 2428 526 2484 (v.
557 2446 590 2469 c.
619 2430 664 2470 in
695 2430 789 2470 edd.
819 2428 924 2485 M.):
957 2429 1242 2481 „interrogans
1272 2430 1397 2473 dixit“
1427 2444 1502 2474 etc.

245 2497 292 2553 9)
322 2498 448 2538 Rom.
478 2498 552 2547 III,
581 2499 648 2541 27.

219 2567 290 2624 ¹⁰)
323 2567 588 2609 Omittuntur
617 2569 662 2609 in
699 2568 815 2610 editis
845 2569 993 2609 verba:
1023 2568 1137 2625 „ipse
1164 2574 1247 2611 se.“
1276 2569 1325 2609 R.

220 2636 294 2692 ¹¹)
324 2637 373 2677 In
406 2639 501 2678 edd.
531 2637 591 2678 M.
623 2637 882 2680 desideratur
909 2643 1015 2688 ,‚se.“

221 2705 293 2759 ¹²)
324 2705 449 2747 Rom.
479 2707 552 2757 Ill,
577 2709 643 2750 27.

132 2829 191 2870 HI
220 2773 295 2874 Ἐξ
321 2775 429 2817 Edd.
471 2776 664 2818 Merlini:
701 2776 900 2819 Arbitror
930 2777 1042 2820 enim
1073 2789 1146 2820 etc.
1192 2802 1246 2811 -—
1296 2778 1381 2821 Cfr·
1412 2778 1538 2821 Rom·

194 2860 205 2881 ,
297 2861 305 2871 .
