1788 3111
253 121 339 165 372
593 116 818 160 Onmmns
846 128 896 159 m
922 115 1000 158 Er.
1032 125 1092 158 An
1123 115 1350 160 Rommos

262 230 506 282 abundavit,
538 230 690 288 inquit,
721 242 957 288 peccatum,
987 229 1348 285 superabundavit
1378 230 1547 284 gratia.“
1592 231 1684 274 Sic-

262 323 309 352 ut
347 310 392 350 in
431 308 725 365 superioribus
775 307 1022 358 docuimus,
1068 307 1144 348 ubi
1183 323 1261 363 per
1291 306 1453 360 singula
1494 325 1686 364 quaeque

261 385 627 443 comparationem
682 384 784 426 facit
838 401 1012 434 corum,
1068 400 1176 440 quae
1227 401 1275 425 ex
1324 385 1685 440 praevaricatione

261 466 401 507 Adam
431 463 630 505 accidisse
661 462 858 503 videntur
889 463 1082 511 adversa,
1114 473 1154 502 et
1181 461 1321 502 multo
1349 460 1513 520 majora
1545 475 1686 504 osten-

260 542 323 583 dit
352 558 460 591 esse,
501 556 609 597 quae
647 556 726 595 per
765 539 939 590 gratiam
973 538 1129 580 Christi
1160 539 1215 580 ad
1247 539 1500 594 medium1)
1534 541 1686 581 collata

259 631 379 661 sunt:
413 630 453 659 et
480 618 527 659 in
558 616 770 673 praesenti
813 617 914 657 loco
948 633 1044 657 cum
1076 615 1241 657 dixisset
1271 617 1509 659 abundasse
1537 633 1690 673 pecca-

260 709 364 747 tum,
392 710 592 738 sermone
622 692 868 745 dignissimo
900 710 998 735 usus
1031 704 1110 741 est,
1143 710 1228 749 quo
1261 694 1567 735 abundantiam
1599 694 1690 734 vin-

260 785 385 822 ceret,
415 785 454 813 et
482 769 920 827 superabundantiam
959 782 1153 825 poneret.
1212 770 1587 827 Superabundavit
1616 787 1691 811 au-

260 865 345 893 tem
378 850 508 903 gratia
541 847 697 889 Christi
727 848 772 888 in
803 864 867 897 eo,
898 859 945 888 ut
974 864 1065 888 non
1095 849 1235 890 solum
1266 864 1288 888 a
1319 848 1555 903 praeteritis
1585 865 1691 904 pec·-

260 928 361 970 catis
392 927 629 968 absolveret
658 923 903 974 hominem,
947 941 1093 966 verum
1135 925 1261 966 etiam
1292 926 1636 981 com1nuniret2)
1669 944 1691 967 a

257 1004 424 1048 futuris.
483 1003 530 1044 Si
561 1003 736 1058 quidem
769 1002 855 1043 duo
889 1003 1099 1056 quaedam
1147 1018 1275 1054 regna
1315 1004 1498 1044 ostendit
1534 1002 1578 1043 in
1611 1003 1696 1043 lio-2

259 1082 396 1124 mine:
431 1096 580 1127 unum,
611 1096 697 1135 quo
728 1090 951 1134 peccatum
984 1078 1026 1119 in
1046 1078 1092 1134 3)
1115 1092 1301 1120 mortem
1323 1079 1531 1129 regnavit:
1562 1079 1692 1129 aliud,

262 1176 349 1216 quo
366 1157 412 1213 ¹²)
443 1156 573 1209 gratia
602 1171 680 1211 per
710 1153 906 1210 justitiam
948 1166 1094 1206 regnet
1137 1157 1182 1197 in
1210 1157 1351 1197 vitam.
1413 1154 1559 1196 Gratia
1591 1172 1690 1208 ergo

263 1248 346 1284 est,
387 1251 494 1290 quae
526 1234 579 1273 de
609 1247 741 1284 regno
773 1249 874 1281 suo,
902 1231 947 1272 id
979 1243 1059 1281 est,
1092 1233 1145 1273 de
1174 1231 1378 1274 membris
1407 1233 1560 1275 nostris
1590 1248 1692 1288 pec-

264 1325 406 1355 catum
456 1309 581 1368 ejecit
635 1321 674 1351 et
725 1309 897 1365 expulit,
928 1326 1026 1350 cum
1083 1325 1169 1364 quo
1210 1309 1446 1351 necessario
1463 1308 1507 1365 ⁵)
1567 1310 1692 1350 etiam

262 1407 380 1432 mors
399 1388 445 1444 6)
476 1387 572 1429 exiit
602 1386 762 1443 pariter
793 1398 832 1427 et
863 1387 1034 1442 expulsa
1066 1398 1139 1438 cst,
1163 1398 1210 1428 ut
1238 1387 1297 1429 ita
1319 1388 1494 1428 demum
1513 1402 1694 1439 regnum

260 1468 342 1512 sibi
372 1467 416 1508 in
447 1465 574 1507 nobis
608 1465 738 1516 gratia
769 1479 846 1520 per
876 1462 1074 1521 justitiam
1106 1464 1365 1513 vindicaret,
1403 1475 1443 1505 et
1471 1463 1548 1504 ubi
1578 1480 1694 1504 mors

260 1548 412 1595 fuerat,
442 1555 612 1585 aeterna
651 1542 732 1583 vita
775 1542 1030 1583 consisteret.
1091 1542 1188 1583 Hoc
1223 1553 1365 1584 autem
1397 1553 1476 1591 est,
1505 1542 1624 1597 quod
1657 1552 1696 1581 et

263 1622 367 1665 alibi
396 1622 510 1663 idem
541 1620 776 1675 Apostolus
809 1618 931 1661 dicit:
962 1621 1138 1674 ‚‚non⁷)
1171 1635 1270 1671 crgo
1301 1618 1387 1676 iam
1419 1630 1565 1670 regnet
1590 1634 1692 1673 pec—

264 1712 405 1742 catum
436 1698 482 1738 in
511 1709 647 1738 vestro
679 1697 851 1737 mortali
886 1701 1116 1752 corpore:“
1147 1707 1187 1736 et
1212 1697 1327 1737 idem
1349 1695 1472 1737 alibi:
1502 1693 1693 1750 ‚,sicut⁸)

264 1777 378 1818 enim
411 1772 651 1816 exhibuistis
689 1774 881 1814 membra
923 1785 1056 1816 vestra
1096 1790 1214 1815 arma
1244 1772 1474 1829 iniquitatis
1503 1784 1695 1828 peccato,

261 1855 318 1896 ita
357 1867 475 1894 nune
519 1848 712 1892 exhibete
757 1851 951 1891 membra
997 1861 1130 1892 vestra
1179 1867 1296 1892 arma
1337 1848 1518 1906 justitiae
1554 1848 1692 1889 Deo.“

260 1930 337 1972 Est
367 1944 466 1980 ergo
498 1926 668 1980 grandis
697 1927 1091 1983 superabundantia
1122 1944 1170 1968 ex
1203 1943 1278 1978 eo,
1309 1928 1451 1982 quod,
1488 1925 1563 1966 ubi
1592 1942 1694 1981 pec-

263 2018 404 2049 catum
434 2003 514 2046 fuit
557 2015 598 2045 et
628 2020 765 2053 mors,
809 2003 869 2045 ibi
912 2021 1029 2045 nunc
1061 2016 1121 2045 est
1153 2004 1307 2056 gratia,
1357 2015 1398 2044 et
1434 2002 1610 2060 justitia,
1654 2014 1693 2043 et

263 2084 343 2125 vita
383 2093 566 2124 aeterna.
633 2080 688 2121 Et
725 2081 830 2122 haec
874 2082 1020 2123 omnia
1060 2093 1158 2124 sunt
1173 2081 1218 2137 ⁹)
1259 2080 1432 2137 quidem
1448 2097 1577 2136 supra
1600 2096 1694 2121 cae-

385 2200 429 2257 ¹)
461 2201 542 2242 Ed.
573 2200 634 2243 M.
665 2200 724 2241 II:
757 2199 1007 2242 remedium.

381 2271 428 2325 ²)
457 2270 538 2312 Ed.
568 2270 630 2312 Μ.
664 2271 713 2311 II.
745 2283 962 2313 contorte:
997 2272 1293 2313 communiter.

379 2341 425 2395 ³)
455 2340 567 2382 Edd.
601 2342 660 2382 Μ.
691 2343 776 2384 hoc
805 2343 919 2391 loco,
951 2343 1022 2384 cfr.
1053 2358 1146 2398 pag.
1165 2341 1261 2385 368.
1292 2341 1362 2383 lin.
1385 2340 1450 2386 16.
1481 2339 1550 2390 „in
1573 2355 1689 2380 mor-

261 2402 341 2440 te.“
372 2422 424 2429 —
458 2397 584 2438 Rom.
621 2399 672 2448 V,
710 2399 777 2442 21.

265 2525 275 2534 ⁶
365 2466 426 2533 f)
455 2467 565 2509 Edd.
596 2466 792 2509 Merlini:
838 2485 926 2524 quo
973 2468 1101 2520 gratia
1148 2484 1276 2524 super
1318 2465 1515 2522 justitiam
1549 2478 1690 2517 regnet

262 2542 307 2566 m
335 2535 430 2564 wta.

379 2593 425 2648 ⁵)
454 2592 534 2634 Ed.
565 2592 626 2633 M.
659 2593 699 2633 I:
730 2594 1026 2635 necessarium.

378 2664 424 2719 ⁶)
453 2661 569 2704 Editi
599 2665 657 2720 (v.
690 2681 723 2705 c.
756 2666 849 2708 edd.
890 2664 997 2719 ΜΛ)
1041 2680 1182 2714 „mors
1218 2663 1377 2719 pariter
1416 2665 1578 2705 exclusa
1620 2675 1689 2711 cst,

262 2732 308 2762 ut
336 2720 418 2762 ita“
451 2731 525 2761 etc.
557 2720 592 2759 R

380 2790 424 2845 ⁷)
455 2788 582 2831 Rom.
614 2789 687 2839 VI,
721 2791 786 2834 12.
905 2790 950 2846 ⁸)
982 2790 1105 2833 Rom.
1135 2791 1205 2840 VI,
1236 2792 1300 2834 13.
1335 2803 1374 2832 et
1406 2791 1472 2836 19.

378 2860 424 2913 ⁹)
454 2860 590 2902 Alias:
623 2871 746 2911 „sunt
778 2862 897 2916 quod
929 2872 987 2903 est
1018 2879 1145 2918 super
1177 2868 1378 2904 caetera.“
1413 2861 1459 2904 R.
