1788 3111
291 780 643 834 ORIGENIS
693 780 1432 837 COMMENTARIORUM

836 921 884 950 m

571 1019 1140 1063 EPISTOLAM

151 1150 384 1206 BEATI
428 1150 667 1208 PAULI
703 1152 978 1209 APOST.
1018 1153 1123 1209 AD
1165 1151 1563 1211 ROMANOS

668 1287 915 1340 Lxssnn
975 1289 1038 1341 H.

775 1443 914 1450 -—-——-

149 1570 186 1611 1.
207 1538 420 1615 „Scimus
438 1566 481 1622 ¹)
504 1579 657 1617 autem,
689 1567 892 1624 quoniam
913 1567 1120 1625 judicium
1143 1567 1228 1610 Dei
1250 1580 1309 1611 cst
1328 1570 1563 1611 secundum

147 1645 363 1685 veritatem
391 1643 435 1683 in
466 1660 550 1693 eos,
584 1644 656 1699 qui
685 1644 785 1686 talia
816 1651 983 1697 agunt.“
1034 1645 1252 1686 Judicium
1284 1644 1456 1702 quidem
1478 1646 1562 1687 Dei

145 1723 379 1764 secundum
408 1720 646 1771 veritatem,
684 1739 773 1762 non
802 1723 944 1764 solum
974 1721 1019 1762 in
1050 1738 1145 1772 eos,
1186 1722 1258 1778 qui
1288 1724 1390 1764 haee
1421 1734 1563 1777 agunt,

147 1816 255 1856 quae
293 1797 485 1853 superius
534 1812 777 1841 enumerata
823 1811 942 1850 sunt,
984 1816 1133 1840 verum
1173 1811 1213 1841 et
1229 1799 1275 1855 ²)
1315 1798 1360 1840 in
1401 1816 1561 1849 omnes,

145 1876 280 1933 qui3)
312 1892 487 1931 quoquo
518 1877 652 1917 modo
684 1876 789 1917 boni
820 1876 923 1932 quid
953 1876 1106 1917 malive
1141 1888 1376 1929 gesserunt,
1415 1893 1559 1932 exspe-

145 1954 347 1995 ctandum
378 1963 439 1993 est
469 1963 509 1993 et
539 1955 812 1994 credendum.
872 1955 958 1996 Sed
972 1953 1017 2008 ⁴²)
1047 1953 1156 1994 illud
1188 1953 1291 2009 quid
1322 1965 1401 2003 est,
1440 1954 1560 2009 quod·

143 2032 188 2071 in
218 2031 316 2070 loco
349 2031 431 2070 hoc
461 2029 628 2070 videtur
658 2030 843 2071 ostendi:
878 2029 976 2085 quia
1005 2029 1135 2071 solius
1155 2029 1307 2071 Deisit
1324 2031 1561 2071 secundum.

144 2106 360 2147 veritatem
398 2104 617 2162 judicium.
676 2108 786 2148 Sunt
816 2106 929 2147 enim
961 2108 1190 2162 quaedam,
1223 2122 1331 2161 quae
1361 2106 1558 2147 commit-

145 2195 293 2225 tuntur
324 2198 455 2238 opere
486 2183 658 2238 quidem
687 2183 825 2232 malo,
868 2182 1010 2223 animo
1042 2193 1182 2223 autem
1212 2199 1302 2223 non
1329 2183 1471 2224 malo:
1510 2193 1559 2222 ut

263 2323 306 2378 ¹)
335 2324 461 2364 Rom.
491 2322 546 2371 II,
573 2323 614 2364 2.
731 2321 776 2376 ²)
807 2322 940 2362 Deest
969 2326 1063 2371 „et“
1090 2321 1134 2362 in
1166 2322 1262 2362 edd.
1291 2320 1479 2362 Merlini.

258 2395 305 2446 3)
336 2392 453 2434 Editi
484 2392 543 2447 (e.
574 2409 607 2432 c.
640 2393 704 2433 ed.
735 2392 798 2432 M.
827 2391 926 2445 II.):
964 2391 1236 2447 „quicunque
1272 2393 1406 2432 modo
1449 2392 1554 2431 boni

144 2451 348 2507 quiddam
377 2449 562 2490 malive“
593 2459 668 2489 etc.
727 2448 833 2488 lec.
863 2449 965 2500 Reg.
994 2465 1111 2488 num.
1144 2449 1266 2492 1639,
1296 2448 1404 2503 „qui
1437 2447 1552 2502 quic„

144 2524 272 2563 quam
303 2506 407 2547 boni
440 2506 612 2560 quidem
642 2504 820 2544 malive“
850 2515 926 2544 etc,
978 2503 1143 2545 Caeteri
1171 2521 1271 2544 vero
1301 2505 1402 2545 BIss.
1433 2515 1481 2543 ut
1509 2503 1551 2543 in

143 2575 290 2604 nostro
319 2574 447 2603 textu.
478 2563 530 2602 R.
561 2585 612 2591 —
652 2562 733 2601 Ed.
764 2560 826 2601 M.
858 2561 890 2600 Ι.
929 2559 1069 2601 minus
1109 2572 1241 2601 recte:
1281 2559 1555 2615 „quicunque

142 2620 274 2660 modo
305 2619 409 2659 boni
441 2618 649 2674 quaedam
678 2616 854 2656 malive“
884 2628 961 2657 etc.

258 2690 303 2743 ⁴)
334 2689 416 2728 Ed.
444 2685 581 2742 Ruaei
609 2685 655 2726 in
681 2697 822 2726 textu:
847 2686 961 2735 „Sed
990 2683 1098 2724 illud
1129 2696 1201 2734 est,
1232 2686 1350 2741 quod
1378 2684 1421 2725 in
1452 2685 1550 2726 loeo

142 2746 225 2785 hoc
256 2768 307 2774 —
337 2742 556 2800 judicium.
615 2744 752 2784 Sunt“
783 2753 882 2791 etc.,
911 2741 954 2781 in
983 2740 1116 2782 notis:
1145 2740 1230 2791 „sic
1262 2758 1407 2782 omnes
1437 2742 1551 2789 Mss.,

143 2812 183 2841 et
211 2801 423 2841 Rabanus.
482 2798 599 2840 Editi
630 2814 728 2839 vero
759 2797 817 2851 (c,
847 2814 880 2838 c.
907 2797 1002 2837 edd.
1021 2796 1129 2851 M.):
1167 2796 1260 2838 Sed
1290 2796 1408 2838 illud
1437 2796 1552 2854 quid

143 2869 224 2911 est,
257 2855 381 2913 quod
413 2857 462 2898 in
492 2856 577 2898 hoc
608 2854 710 2898 loco
741 2878 796 2886 —-
821 2849 1085 2909 judicium?
1115 2851 1270 2896 Suum
1298 2865 1377 2897 etc.
