1788 3111
256 106 338 150 172
592 101 814 145 OfflGEle
841 117 889 147 m
918 101 995 148 Ep,
1025 115 1085 145 An
1124 103 1347 156 Rommos

254 219 299 259 in
338 216 631 272 superioribus
673 217 837 268 dicere,
878 218 1085 274 quoniam
1125 217 1159 260 si
1192 217 1465 272 praeputium
1504 215 1680 275 justitias

254 293 354 346 legis
395 294 623 342 custodiat,
654 293 696 351 ¹)
746 293 955 350 judicabit
995 312 1113 345 eum,
1163 294 1235 350 qui
1273 294 1319 336 in
1360 293 1682 336 circumcisione

254 371 570 428 praevaricator
601 383 658 412 est
688 372 809 423 legis:
840 390 1010 414 rursum
1024 372 1070 429 ²)
1101 383 1147 413 ut
1178 388 1261 421 cos,
1293 387 1400 427 quos
1431 370 1680 412 humiliave-

255 460 332 499 rat,
364 449 574 498 allevaret,
604 449 788 491 addidit:
819 449 951 506 „quid
967 449 1012 505 3)
1044 464 1143 501 ergo
1176 449 1356 505 amplius
1394 458 1454 489 cst
1481 445 1681 489 Judaeo?

257 537 331 566 aut
368 541 478 580 quae
525 525 679 567 utilitas
721 526 1085 569 circumcisionis?
1151 526 1338 567 Multum
1385 541 1463 580 per
1504 539 1679 564 omnem

255 604 452 644 modum.
511 602 659 644 Primo
700 603 895 659 quidem,
938 604 1036 660 quia
1077 605 1234 646 credita
1273 614 1370 645 sunt
1396 603 1478 645 illis
1509 600 1680 656 eloquia

254 679 378 722 Dei.“
436 679 537 721 Post
575 680 698 730 haec,
741 698 838 722 curn
878 682 942 724 his
982 692 1291 737 consequenter
1321 679 1438 736 quasi
1468 681 1679 735 quaedam

254 757 398 799 fuisset
426 768 694 813 prosecutus,
737 759 855 800 addit
872 757 917 815 4)
948 777 1086 809 nunc,
1126 770 1166 800 et
1195 758 1316 800 dicit:
1354 756 1547 813 ,‚quid⁵)
1578 771 1678 808 ergo

254 846 446 876 tenemus
469 833 679 890 amplius?
721 835 890 878 Causati
910 837 1021 878 enim
1042 854 1199 887 sumus,
1219 837 1408 877 Judacos
1428 846 1467 875 et
1490 833 1680 874 Graecos

258 929 406 953 omnes
436 913 513 953 sub
534 924 710 968 peccato
734 918 856 956 esse.“
909 913 1078 968 Quodsi
1102 931 1250 955 omncs
1271 914 1348 955 sub
1370 922 1548 968 peccato
1570 921 1681 960 sunt,

257 1006 355 1043 ergo
377 1006 467 1031 non
489 990 565 1030 erit
585 990 777 1032 elationis
798 1008 919 1033 causa
941 992 1016 1032 uni
1035 993 1257 1033 adversum
1277 990 1420 1039 alium,
1446 1006 1541 1030 cum
1564 1000 1680 1029 uter-

255 1083 339 1123 que
368 1083 460 1108 non
490 1083 537 1107 ex
565 1084 638 1109 sua
658 1066 826 1124 justitia,
854 1071 928 1110 sed
953 1086 1000 1110 ex
1019 1068 1102 1109 Dei
1131 1067 1423 1109 misericordia
1452 1066 1591 1108 veniat
1622 1068 1676 1107 ad

253 1146 444 1187 salutem.
473 1143 678 1185 Probavit
697 1160 795 1196 ergo
816 1145 1005 1187 Graecos
1023 1146 1209 1201 quidem,
1225 1145 1270 1186 id
1291 1157 1361 1194 est,
1382 1143 1570 1186 Gentiles
1592 1161 1678 1186 esse

253 1224 331 1264 sub
362 1233 554 1278 peccate,
586 1239 683 1263 cum
715 1223 790 1264 ait:
821 1225 1032 1273 „dicentes
1049 1221 1094 1278 6)
1125 1222 1237 1262 enim
1269 1238 1312 1263 se
1343 1237 1429 1263 esse
1457 1222 1680 1277 sapientes,

251 1301 367 1344 stulti
383 1300 483 1342 facti
499 1310 615 1341 sunt:
643 1311 682 1340 et
701 1311 970 1342 mutaverunt
987 1301 1163 1352 gloriam
1181 1298 1518 1354 incorruptibilis
1532 1299 1617 1340 Dei
1633 1298 1678 1340 in

253 1377 575 1421 similitudinem
604 1376 796 1429 imaginis
829 1377 1118 1433 corruptibilis
1140 1376 1340 1426 hominis,
1372 1387 1412 1417 et
1439 1377 1678 1427 volucrum,

254 1470 294 1499 et
331 1456 686 1512 quadrupedum,
728 1465 768 1495 et
805 1456 1079 1511 serpentium.
1136 1455 1321 1511 Propter
1358 1456 1478 1510 quod
1506 1454 1680 1496 tradidit

254 1553 325 1578 eos
344 1536 463 1576 Deus
493 1533 538 1574 in
569 1533 806 1587 reprobum
835 1539 1045 1582 sensum,“
1077 1545 1115 1574 et
1134 1533 1317 1588 reliqua:
1348 1532 1538 1574 Judaeos
1559 1550 1678 1582 vero,

255 1631 353 1656 cum
386 1612 506 1653 dicit:
547 1607 671 1663 ‚‚si⁷)
704 1621 842 1650 autem
874 1621 920 1650 tu
950 1610 1140 1651 Judaeus
1171 1610 1506 1662 cognominaris,
1543 1621 1582 1650 et
1609 1627 1677 1651 re-

254 1689 431 1746 quiescis
461 1689 505 1730 in
537 1689 667 1738 lege,“
698 1687 928 1741 etreliqua.
974 1686 1142 1740 Quibus
1164 1685 1350 1728 addidit:
1381 1685 1541 1743 „qui⁸)
1573 1703 1674 1740 ergo

254 1770 383 1809 doces
415 1766 567 1814 alium,
595 1776 636 1804 te
666 1763 805 1819 ipsum
835 1781 928 1804 non
958 1765 1106 1805 doces:
1137 1763 1211 1819 qui
1238 1764 1457 1820 praedicas
1486 1782 1576 1806 non
1609 1767 1677 1806 fu-

252 1845 462 1891 randum,
492 1840 691 1890 sura1·i3‚“
723 1852 762 1882 et
791 1852 964 1882 caetera.
1024 1841 1128 1882 Post
1156 1841 1262 1882 haec
1294 1856 1391 1892 ergo
1425 1841 1543 1891 dicit,
1578 1842 1677 1896 quia

253 1920 498 1974 ‚,causati⁹)
526 1935 682 1968 sumus,
712 1918 900 1960 Judaeos
933 1930 971 1960 et
997 1917 1186 1960 Graecos
1210 1933 1357 1958 omnes
1386 1920 1464 1960 sub
1494 1931 1672 1975 peccato

255 2004 378 2042 esse.“
446 1998 551 2039 Post
590 1997 694 2037 haee
730 2013 852 2045 vero,
893 2008 939 2037 ut
982 1995 1020 2036 ei
1059 1994 1192 2037 moris
1233 2006 1315 2045 est,
1355 1997 1409 2036 de
1446 1996 1676 2053 Scripturis

250 2060 406 2120 sanctis
435 2075 523 2116 vult
553 2075 786 2123 affirmare,
823 2074 942 2129 quod
982 2073 1162 2114 dixerat:
1199 2071 1325 2113 simul
1357 2084 1397 2114 et
1427 2074 1677 2116 doctoribus

256 2155 456 2199 ecclesiae
485 2153 662 2209 praebet
703 2151 964 2206 exemplum,
1004 2162 1051 2191 ut
1090 2167 1159 2200 ea,
1199 2166 1308 2205 quae
1344 2151 1583 2206 loquuntur
1622 2152 1677 2191 ad

253 2235 490 2291 populum,
530 2246 621 2270 non
659 2228 849 2284 propriis
877 2239 1119 2284 praesumta
1146 2226 1381 2278 sententiis,
1422 2229 1495 2269 sed
1526 2226 1675 2268 divinis

372 2366 416 2421 1)
446 2364 572 2405 Rom.
603 2363 655 2413 II,
683 2364 750 2406 26.
780 2364 848 2406 27.

368 2435 415 2492 2)
446 2435 557 2475 Edd.
587 2433 785 2475 Mcrlini:
816 2446 863 2475 ut
891 2450 1059 2476 rursum
1092 2448 1163 2474 eos
1194 2444 1270 2474 etc.

367 2507 415 2561 3)
445 2505 571 2545 Rom.
600 2503 675 2552 111,
706 2507 742 2547 1.
771 2506 810 2545 2.

368 2574 415 2630 ¹²)
444 2575 554 2615 Edd.
584 2571 782 2614 Mcrlini:
813 2573 979 2615 addidit
1006 2590 1122 2614 nunc
1151 2584 1227 2613 ctc.

368 2646 414 2702 ⁵)
443 2646 554 2686 Edd.
586 2643 758 2684 Merlini
790 2644 828 2684 h.
862 2645 903 2693 l.,
934 2646 1005 2685 cfr.
1026 2658 1117 2698 pag.
1139 2645 1231 2686 171.
1262 2653 1347 2682 not.
1369 2641 1421 2689 5.,
1454 2653 1493 2682 ut
1530 2658 1606 2683 nos
1628 2642 1672 2682 in

256 2716 389 2746 textu:
419 2701 548 2757 „quid
580 2716 678 2752 crgo
710 2712 899 2742 tenemus
929 2698 1141 2755 amplius?
1178 2699 1360 2740 Causati
1391 2699 1537 2741 enim“
1567 2709 1642 2740 cte.

375 2772 420 2828 ε)
451 2772 577 2813 Rom.
610 2771 642 2819 1,
663 2772 858 2815 22—24.
979 2770 1024 2825 ⁷>
1052 2769 1179 2810 Rom.
1211 2769 1263 2819 Π,
1294 2770 1357 2814 17.

365 2844 411 2899 8)
443 2843 564 2886 Rom.
598 2841 649 2893 11,
678 2843 744 2885 21.
865 2842 911 2897 9)
943 2841 1068 2883 Rom.
1099 2839 1173 2891 ιιι,
1202 2841 1241 2884 9,
