1788 3111
226 117 310 160 126
563 114 785 157 Omcmus
814 126 860 157 m
889 114 968 159 ΕΡ.
998 127 1058 159 An
1089 116 1314 159 ROMANos

224 228 281 270 Et
308 239 407 285 post
434 227 672 285 aIIquanta:
699 242 894 281 ‚,octavo‚
915 230 959 283 ¹)
989 229 1143 287 inquit,
1174 230 1242 272 die
1261 229 1538 271 circumcidet
1559 246 1651 272 car-

223 323 323 348 nem
354 306 567 362 praeputii
596 306 724 365 ejus.“
790 308 962 350 Intuere
1000 320 1040 349 et
1069 308 1160 358 hic,
1197 308 1567 363 quemadmodum
1599 309 1652 349 de

223 384 316 436 lege
347 384 678 427 circumcisionis
715 396 880 427 tantum
912 387 966 427 ad
996 386 1107 427 filios
1135 385 1265 426 Israel
1295 383 1440 427 Moses
1468 384 1589 441 loqui
1605 384 1652 440 ²)
1717 408 1719 411 »

222 461 417 520 jubetur,
446 473 485 503 et
517 463 848 514 alienigenarum
878 464 996 504 nulla
1025 465 1074 504 fit
1105 463 1281 504 mentio.
1341 461 1389 503 Si
1417 463 1529 504 enim
1561 479 1654 504 cre-

226 539 379 589 dimus,
406 555 487 595 per
519 540 710 580 divinum
732 539 939 595 Spiritum
967 540 1122 596 scripta
1155 556 1253 591 esse,
1284 556 1394 596 quae
1412 540 1654 581 inferuntur

223 614 269 657 in
298 617 402 667 lege,
431 616 578 672 utiquc
607 634 697 658 non
726 619 880 659 frustra
910 628 981 657 aut
1012 617 1112 659 addi
1140 618 1300 673 aliquid
1318 618 1558 674 putandum
1582 627 1654 666 est,

225 705 298 734 aut
331 693 465 736 sileri:
511 706 551 735 ct
591 694 691 735 ideo
733 712 830 735 cum
870 696 914 735 in
946 694 1202 750 quibusdam
1232 693 1443 736 mandatis
1474 693 1651 735 dicitur:

225 771 487 827 ‚,loquere3)
522 773 575 813 ad
604 772 715 813 filios
746 772 896 822 Israel,
939 783 978 812 et
1003 772 1114 813 dices
1145 773 1200 812 ad
1231 777 1360 813 eos:“
1400 771 1445 812 in
1477 771 1653 827 quibus-

226 849 325 889 dam
356 865 456 889 vero
489 849 679 898 additur,
708 860 756 889 ut
784 866 875 890 non
905 849 1047 890 solum
1078 849 1173 890 filiis
1204 849 1344 898 Israel,
1374 849 1449 890 sed
1470 859 1511 889 et
1527 864 1652 903 pros-

225 925 362 984 dytis,
397 927 442 967 id
473 938 552 977 est,
591 926 762 968 advenis
791 926 1013 981 loquatur,
1053 927 1291 968 necessario
1309 925 1356 982 4)
1384 926 1534 980 utique
1572 925 1653 965 ob-

223 1004 427 1044 servanda
459 1003 673 1045 distinctio
706 1014 787 1044 est:
820 1002 918 1058 quia
948 1002 1056 1044 sicut
1084 1003 1128 1044 in
1149 1003 1211 1046 his
1233 1004 1352 1053 locis,
1379 1001 1653 1044 ubidicitur:

223 1079 497 1136 ,‚loquere⁵)
538 1083 592 1121 ad
630 1083 836 1121 Aaron:“
884 1092 924 1121 et
962 1080 1082 1122 alibi:
1128 1082 1340 1137 „loquere
1358 1081 1403 1138 6)
1445 1082 1500 1122 ad
1540 1079 1653 1122 filios

224 1159 432 1198 Aaron:“
465 1169 504 1198 et
529 1158 650 1199 alibi:
677 1159 881 1212 „loquere
900 1156 944 1211 ⁷)
977 1159 1031 1198 ad
1054 1157 1227 1207 Levitas,
1257 1171 1298 1199 et
1316 1158 1430 1200 dices
1450 1158 1505 1198 ad
1525 1160 1653 1198 eos:“

226 1239 386 1268 certum
422 1238 479 1269 est
506 1244 597 1269 non
627 1227 849 1285 subjacere
878 1228 1066 1282 reliquos
1095 1227 1206 1269 filios
1228 1228 1357 1270 Israel
1386 1227 1448 1269 his
1478 1226 1655 1278 legibus,

224 1320 335 1360 quac
363 1305 428 1345 vel
457 1304 553 1345 filiis
584 1306 758 1353 Aaron,
787 1305 851 1344 vel
883 1304 1046 1354 Levitis,
1077 1306 1141 1345 vel
1170 1304 1251 1362 ipsi
1281 1306 1429 1346 Aaron
1457 1303 1654 1360 promul-

223 1393 343 1433 gatae
369 1393 488 1422 sunt:
530 1381 588 1422 ita
619 1381 745 1422 etiam
776 1397 885 1437 quae
913 1381 1010 1424 filiis
1041 1382 1170 1423 Israel
1199 1381 1415 1439 jubentur,
1443 1397 1524 1422 nce
1553 1380 1655 1422 alie-

220 1460 399 1510 nigenae
426 1458 637 1500 memoria
675 1458 764 1499 ulla
793 1460 862 1509 fit,
904 1475 994 1500 non
1028 1471 1087 1500 est
1116 1461 1381 1516 putandum,
1423 1472 1655 1500 commune

222 1537 267 1578 in
306 1536 368 1577 his
401 1552 486 1578 esse
523 1536 795 1586 mandatum,
835 1536 900 1577 vel
940 1553 1218 1579 communem
1249 1537 1344 1580 fieri
1381 1538 1540 1588 legem,
1576 1534 1653 1576 ubi

223 1613 520 1669 appellationis
559 1613 741 1654 habetur
781 1614 985 1669 exceptio.
1044 1615 1189 1656 Pauca
1227 1627 1371 1657 tamen
1407 1615 1461 1654 ad
1494 1614 1652 1654 horum

221 1689 526 1745 probationem
581 1689 824 1731 testimonia
876 1691 1154 1733 adhibeamus
1205 1707 1251 1732 ex
1300 1690 1518 1747 pluribus,
1573 1705 1653 1745 per

223 1764 394 1821 quac3)
423 1765 703 1807 necessariam
731 1783 816 1808 esse
845 1767 911 1807 vel
942 1767 1240 1823 adjectionem,
1269 1767 1335 1809 vel
1358 1765 1651 1821 exceptionem

221 1841 472 1900 hujusmodi
511 1842 739 1884 nominum
785 1846 1132 1900 comprobemus.
1200 1845 1248 1886 In
1294 1844 1443 1901 primis
1479 1840 1653 1883 Levitici

221 1919 413 1976 partibus
445 1920 500 1960 ad
528 1921 645 1961 solos
684 1920 796 1963 filios
827 1920 957 1963 Israel
987 1923 1122 1963 fertur
1152 1921 1402 1978 hujusmodi
1430 1921 1517 1960 lex:
1559 1919 1653 1968 „lo-

223 1995 436 2054 querc‚⁹)
478 1996 618 2053 inquit
646 1997 881 2048 Dominus,
922 1999 1017 2041 filiis
1055 1999 1206 2050 Israel,
1248 2010 1289 2040 et
1328 1998 1441 2039 dices
1473 1997 1528 2038 ad
1561 2011 1651 2036 eos:

222 2075 357 2116 homo
390 2090 437 2115 ex
465 2074 584 2115 vobis
614 2074 647 2115 si
680 2076 833 2116 offerat
863 2076 959 2117 Deo
982 2075 1053 2132 ¹⁰)
1085 2078 1201 2118 dona
1234 2091 1281 2116 ex
1311 2074 1581 2132 pecoribus‚“
1613 2083 1652 2113 ct

222 2164 406 2205 caetera3
435 2163 475 2193 et
503 2151 681 2193 iterum:
711 2164 778 2204 „et
797 2153 807 2176 ¹
825 2152 868 2208 ¹)
898 2155 1066 2197 locutus
1097 2166 1155 2197 cst
1172 2152 1388 2196 Dominus
1410 2152 1465 2193 ad
1482 2150 1652 2199 Mosen,

341 2291 384 2347 ¹)
413 2292 580 2334 Levitic.
610 2293 708 2344 XII,
738 2295 777 2338 3.

338 2362 384 2418 ²)
415 2363 528 2404 Edd.
550 2364 743 2406 Mcrlini:
773 2365 895 2420 loqui
926 2364 1104 2414 videtur,
1133 2376 1180 2405 ut
1196 2389 1247 2395 —
1267 2363 1385 2404 nulla
1405 2361 1457 2404 sit
1475 2360 1649 2401 mentio.

338 2432 385 2489 ³)
416 2432 582 2474 Levitic.
613 2434 710 2484 XII,
739 2435 777 2476 2.
809 2436 905 2476 coll.
936 2435 1065 2477 Num.
1094 2435 1167 2484 Vl,
1197 2435 1236 2475 2.
1269 2436 1343 2474 et'c.

337 2501 384 2559 ⁴)
417 2503 495 2543 Ed.
521 2503 678 2544 Ruaei:
709 2505 953 2547 necessaria.
1072 2503 1119 2559 ⁵)
1149 2504 1287 2544 Exod.
1321 2503 1434 2551 VIII,
1462 2503 1501 2543 5.
1525 2514 1563 2543 et
1586 2502 1650 2546 16.

337 2573 383 2629 ⁶)
414 2574 544 2616 Deest
563 2574 793 2628 „loquerc“
824 2574 868 2615 in
895 2576 990 2616 edd.
1009 2575 1132 2616 Merl.
1154 2599 1205 2606 -—
1228 2573 1316 2615 Cfr.
1339 2574 1465 2615 Num.
1489 2572 1564 2621 VI,
1584 2571 1650 2614 ⁸23.

339 2644 383 2698 ⁷)
413 2644 539 2684 Num.
570 2644 728 2694 XVIII,
756 2644 824 2687 26.

336 2713 383 2769 8)
414 2714 528 2755 Edd.
559 2713 753 2755 Merlini:
785 2730 862 2770 per
892 2716 1022 2770 quod.

336 2784 383 2839 9)
413 2783 542 2825 Levit.
573 2784 606 2833 I,
634 2786 675 2827 ‘Z-
797 2782 868 2839 ¹⁰)
900 2784 1009 2828 Edd.
1040 2784 1236 2826 Mcrlini:
1277 2785 1391 2825 dona
1426 2782 1537 2824 Deo.

314 2853 384 2908 ¹¹)
415 2853 585 2896 Levitic.
614 2854 685 2903 lV,
719 2857 755 2897 1.
785 2855 824 2897 2.

1781 1229 1788 1448 m
