1788 3111
328 115 459 158 Ome.
492 114 648 158 Comm.
679 127 727 158 m
754 114 832 157 ΕΡ.
862 126 922 158 AD
957 115 1137 157 ROMAN.
1167 115 1260 156 Lm.
1281 115 1352 157 111.
1466 117 1544 161 161

126 229 328 288 ponitur,
369 241 407 271 et
446 245 493 270 cx
521 227 620 284 ipsis
659 226 763 269 alios
806 228 978 283 quidem
1021 229 1148 270 laude
1188 227 1398 284 dignos¹)
1437 228 1552 278 dicit,

127 307 232 349 alios
273 306 493 362 vituperat.
553 303 736 359 Quae2)
775 321 945 346 rursum
988 321 1187 347 sensuum
1228 305 1398 347 varietas
1437 317 1550 347 extra

125 384 259 425 lineas
291 399 388 424 eum
413 381 658 438 propositae
688 380 866 422 actionis
895 381 1115 437 putabitur
1143 381 1383 432 abduxisse,
1421 383 1549 424 veluti

127 477 227 501 cum
258 459 564 501 exclamatione
602 457 733 499 utitur
750 456 796 511 3)
833 457 928 508 illa,
967 474 1048 513 qua
1090 459 1167 499 ait:
1211 458 1368 513 ‚‚fiat4)
1408 470 1547 499 autem

126 536 245 578 Deus
286 553 428 586 verax,
474 535 611 576 omnis
652 546 794 575 autem
838 534 972 576 homo
1018 536 1262 576 mendax:“
1310 536 1375 575 vel
1421 535 1546 575 etiam

127 631 188 665 ca,
207 613 250 670 ⁵)
283 631 408 670 quam
434 622 743 666 consequenter
765 610 966 667 adjungit,
990 629 1084 652 cum
1110 611 1230 652 dicit:
1266 611 1384 667 „si⁶)
1406 623 1545 653 autem

126 690 323 745 iniquitas
352 699 496 730 nostra
526 687 611 729 Dei
639 686 841 742 justitiam
873 689 1185 738 commendat“,
1216 700 1253 729 et
1283 689 1468 744 reliqua,
1502 699 1548 727 ut

125 782 203 821 per
232 764 316 805 hoc
357 766 410 806 de
451 781 618 806 excessu
658 764 704 805 in
746 780 959 806 excessum
993 764 1186 806 videatur
1225 766 1400 820 elapsus.
1460 763 1546 804 Sed

125 842 200 897 qui
231 841 438 883 credimus
470 842 507 882 ei
540 841 718 890 dicenti,
759 841 858 897 quia
887 840 1094 891 „idoneos
1112 842 1156 896 ⁷)
1188 859 1266 884 nos
1293 841 1392 882 fecit
1420 840 1546 881 mini—

123 928 231 959 stros
258 916 361 958 novi
390 918 638 967 testamenti,
667 934 758 958 non
774 919 907 968 litera,
935 919 1008 960 sed
1032 919 1222 974 spiritu,“
1258 933 1425 958 sensum
1458 914 1546 971 ejus

122 995 261 1036 multo
294 995 538 1045 celsiorem,
581 1011 711 1050 quam
747 995 962 1038 humanae
993 995 1089 1037 artis
1126 995 1234 1036 ratio
1267 994 1424 1034 habere
1456 1009 1546 1033 crc-

126 1071 260 1122 ditur,
297 1070 548 1113 invenimus.
614 1072 699 1113 Per
740 1088 914 1113 omnem
952 1088 1139 1129 namque
1179 1070 1305 1128 hujus
1343 1070 1545 1125 epistolae

124 1159 281 1189 textum
316 1150 473 1190 docere
500 1150 600 1199 vult,
633 1165 741 1204 quae
768 1149 896 1190 fuerit
925 1150 991 1190 vel
1022 1162 1118 1191 ante
1139 1151 1367 1190 adventum
1390 1145 1546 1188 Christi

127 1225 236 1265 salus
265 1227 502 1266 secundum
532 1227 670 1277 legem
699 1226 956 1276 viventibus,
990 1226 1056 1267 vel
1089 1227 1310 1280 quomodo
1342 1241 1421 1281 per
1453 1225 1546 1266 Sal-

125 1300 279 1342 vatoris
311 1302 538 1343 adventum
570 1319 737 1343 rursum
770 1318 818 1343 ex
837 1302 1132 1344 incredulitate
1152 1301 1281 1343 Israel
1297 1303 1408 1343 salus
1430 1300 1545 1340 Gen-

126 1377 238 1418 tibus
270 1379 532 1419 conferatur:
567 1390 606 1418 et
635 1395 803 1419 rursum
834 1380 953 1433 quod
983 1394 1124 1434 neque
1155 1394 1201 1418 ex
1230 1377 1394 1429 integro
1429 1375 1545 1417 Gen-

125 1465 206 1504 tes,
245 1455 325 1495 nisi
359 1471 467 1509 quae
497 1456 772 1505 crediderint,
811 1455 981 1497 veniant
1011 1457 1065 1496 ad
1095 1456 1291 1503 salutem,
1327 1470 1468 1509 neque
1498 1470 1544 1493 cx

124 1530 288 1581 integro
321 1530 544 1588 abjiciatur
563 1532 705 1581 Israel,
733 1534 805 1574 sed
826 1531 1025 1586 reliquiae
1039 1531 1086 1586 8)
1119 1531 1382 1572 credentium
1407 1532 1545 1571 salvae.

124 1607 241 1646 fiant.
299 1607 356 1647 Et
382 1606 483 1647 ideo
518 1611 736 1658 confusus,
780 1620 828 1649 ut
866 1608 968 1657 dixi,
1008 1608 1174 1648 videtur
1212 1609 1321 1649 ordo
1361 1607 1545 1655 dicendi,

127 1683 230 1722 dum
277 1683 530 1725 diversitates
573 1686 836 1726 credentium
885 1695 925 1724 et
970 1701 1061 1725 non
1109 1685 1372 1725 credentium
1414 1683 1544 1738 partis

125 1758 344 1814 utriusque
389 1762 671 1817 prosequitur.
742 1761 792 1801 In
831 1760 984 1817 quibus
1022 1761 1259 1802 necessario
1300 1776 1545 1801 sermonem

127 1836 334 1877 convertit
361 1848 401 1877 et
417 1837 461 1893 9)
494 1839 548 1879 ad
574 1838 732 1887 Deum,
761 1849 808 1878 ut
834 1837 879 1878 in
910 1837 973 1879 his
1005 1837 1206 1878 omnibus
1238 1836 1545 1878 assumtionum

126 1913 507 1969 repulsionumque
538 1914 807 1964 differentiis,
837 1931 933 1956 vera
963 1915 1135 1970 quidem
1167 1912 1295 1969 etm)
1324 1911 1431 1970 justa
1459 1913 1544 1952 Dei

130 1990 281 2031 doceat
311 2005 395 2031 csse
422 1989 592 2046 judicia,
622 1991 806 2032 multum
830 2003 969 2032 autem
991 1990 1037 2032 in
1059 1991 1305 2032 hominibus
1327 1990 1546 2030 abundare

249 2121 291 2176 1)
320 2121 431 2163 Edd.
462 2122 654 2164 Merlini:
694 2122 796 2163 dicit
825 2123 985 2173 dignos·

245 2191 292 2246 ²)
323 2192 395 2233 Sic
425 2203 538 2232 recte
565 2191 665 2232 ⁷Mss.
694 2192 842 2233 nostri.
899 2191 1015 2232 Editi
1046 2207 1145 2231 vero
1177 2191 1235 2247 (e.
1266 2208 1299 2232 e.
1330 2192 1424 2232 edd.
1446 2191 1544 2246 Μ),

129 2260 169 2289 et
198 2247 297 2288 Mss.
328 2247 501 2303 quidam
530 2263 756 2302 perperam
785 2247 962 2288 habent:
1001 2246 1118 2300 „Qui
1145 2264 1313 2289 rursum
1344 2264 1542 2288 sensuum

129 2304 342 2345 varietates
384 2315 494 2344 extra
532 2305 661 2345 lineas
705 2305 951 2359 propositae
991 2304 1166 2344 actionis
1208 2303 1427 2358 putabitur
1470 2305 1544 2342 ab-

131 2360 312 2409 duxisse,
344 2359 496 2401 veluti“
527 2371 602 2401 etc.
632 2359 683 2400 R.

245 2429 291 2485 3)
323 2429 436 2470 Alias
467 2428 523 2484 (e.
557 2446 589 2470 c.
619 2429 663 2470 in
699 2430 795 2471 edd.
823 2427 996 2485 Merl.):
1035 2429 1219 2480 ‚‚utitur,
1260 2445 1357 2469 cum
1388 2428 1464 2469 ait:
1494 2427 1544 2468 sit

130 2491 296 2527 autem“
328 2497 403 2527 etc.
434 2485 482 2525 R.

247 2552 292 2610 4)
323 2554 451 2596 Rom.
481 2554 555 2604 Ill,
583 2554 622 2595 4.
742 2554 786 2609 ⁵)
817 2555 927 2597 Edd.
949 2554 1144 2596 Merlini:
1176 2570 1281 2604 eam,
1312 2569 1439 2609 quam
1469 2564 1543 2594 etc.

245 2624 291 2678 6)
321 2623 447 2666 Rom.
477 2624 550 2674 ΙΠ,
580 2625 619 2666 5.
740 2623 784 2677 7)
814 2624 854 2664 II
887 2623 987 2666 Cor.
1018 2624 1091 2675 HI,
1120 2624 1160 2667 6.

246 2693 293 2747 8)
322 2694 448 2735 Rom.
475 2694 553 2743 IX,
581 2693 648 2736 27.

248 2761 295 2817 9)
323 2762 454 2805 Deest
481 2767 573 2813 ,‚et“
602 2763 647 2804 in
678 2765 773 2806 edd.
801 2764 986 2807 Merlini.

222 2829 294 2886 ¹⁰)
325 2831 436 2873 Edd.
466 2831 661 2874 Merlini:
701 2845 741 2874 et
768 2833 883 2891 juxta
913 2835 1066 2878 doceat
1094 2848 1180 2876 esse
1208 2829 1366 2889 judicia
1395 2830 1491 2871 Dei.

133 2907 351 2951 OmGEms
383 2907 554 2951 OPERA.
585 2908 704 2952 ΤοΜ.
730 2910 801 2951 VI.
1187 2911 1238 2952 11
