1788 3111
525 105 965 147 COMMENTARJORUM
997 104 1087 145 Lm.
1119 105 1167 147 V.
1472 107 1559 151 383

139 220 345 261 Nostrum
376 233 474 270 ergo
505 217 714 274 baptisma
744 216 787 257 in
819 216 988 257 Christo
1026 217 1126 258 Jcsu
1167 234 1252 259 csse
1293 218 1402 260 dicit„
1463 219 1556 275 Ipse

141 308 281 339 autem
316 295 505 337 Christus
543 312 566 335 a
606 294 777 334 Joanne
807 293 1101 349 baptizatus¹)
1138 297 1337 346 refertur,
1381 313 1472 337 non
1503 312 1554 338 eo

137 374 413 428 baptismate,
452 374 570 428 quod
612 371 656 412 in
697 368 866 411 Christo
899 381 980 420 est,
1020 372 1094 411 sed
1127 387 1201 420 eo,
1244 374 1362 427 quod
1392 373 1436 414 in
1468 374 1558 425 lege

139 462 211 492 est.
268 450 331 491 Ita
362 451 474 491 enim
506 461 544 490 et
561 447 607 502 ²)
635 449 725 503 ipse
756 448 812 488 ait
843 449 895 488 ad
924 448 1161 488 Joannem:
1190 448 1364 504 ,‚sine3)
1400 451 1555 491 modo:

135 527 194 569 sic
226 528 339 569 enim
371 529 492 568 decet
518 542 597 566 nos
628 526 864 580 adimpiere
896 542 1065 565 omnem
1090 523 1329 579 justitiam.“
1388 527 1435 567 In
1467 544 1554 583 quo

138 606 335 654 ostendit,
365 605 484 660 quod
514 602 747 657 baptismus
765 601 809 655 ⁴)
840 603 1020 643 Joannis
1041 603 1219 657 expletio
1243 615 1330 643 erat
1353 615 1555 654 veterum,

136 697 228 722 non
247 679 467 722 inchoatio
483 696 708 721 novorum.
756 679 955 735 Denique
972 681 1152 720 refertur
1171 680 1215 720 in
1239 681 1412 722 Actibus
1437 683 1555 736 Apo-

135 759 360 808 stolorum,
377 758 421 812 5)
442 758 560 812 quod
583 757 754 811 quidam
778 773 823 796 ex
847 757 1072 812 discipulis,
1091 757 1162 812 qui
1188 758 1397 813 baptismo
1419 758 1555 798 Joan-

133 836 197 877 nis
217 837 384 877 fuerant
405 834 619 890 baptizati,
639 835 945 888 Apostolorum
963 835 1167 876 sententia
1188 833 1433 889 rebaptizati
1459 846 1556 876 sunt

135 910 179 952 in
216 911 393 952 nomine
430 911 613 952 Domini
649 914 763 953 Jesu.
827 910 1114 966 ”Quicunque
1133 911 1177 963 6)
1213 927 1311 962 ergo
1356 912 1557 967 baptizati

132 1005 278 1031 sumus
299 989 343 1043 ⁷)
371 988 416 1030 in
450 987 619 1030 Christo
637 989 752 1037 Jesu,
783 987 827 1028 in
847 999 986 1028 morte
1003 987 1132 1042 ipsius
1152 989 1349 1043 baptizati
1373 994 1556 1030 sumus.“

132 1066 341 1123 Requiras
368 1065 553 1108 fortassis
588 1065 709 1106 etiam
744 1065 840 1114 hoc,
871 1064 1060 1120 quod,8)
1092 1082 1188 1106 curn
1220 1066 1308 1121 ipse
1338 1066 1555 1108 Dominus

135 1144 286 1185 dixerit
316 1144 370 1185 ad
401 1143 645 1198 discipulos,
679 1154 727 1182 ut
757 1141 1021 1197 baptizarent
1052 1158 1199 1183 omnes
1229 1154 1367 1193 gentes
1397 1143 1441 1183 in
1472 1162 1554 1185 no-

134 1221 251 1262 mine
280 1219 427 1269 Patris,
459 1232 500 1261 et
526 1219 639 1270 Filii,
674 1231 715 1260 et
744 1218 923 1274 Spiritus
945 1218 1091 1267 sancti,
1121 1236 1195 1260 cur
1226 1219 1294 1260 hic
1321 1221 1553 1275 Apostolus

134 1299 264 1342 solius
296 1297 453 1339 Christi
491 1297 536 1338 in
565 1296 777 1352 baptismo
818 1312 980 1337 nomen
1022 1296 1345 1352 assumserit,⁹>
1387 1297 1552 1340 diCens:

132 1375 491 1432 „quicunque¹⁰)
523 1374 722 1430 baptizati
750 1391 892 1415 sumus
920 1375 964 1414 in
1005 1372 1173 1414 Christo
1192 1378 1230 1414 :“
1269 1391 1364 1414 cum
1407 1375 1553 1430 utique

132 1469 223 1494 non
253 1454 461 1493 habeatur
487 1451 719 1504 legitimum
750 1451 982 1505 baptisma,
1029 1450 1108 1491 nisi
1146 1451 1224 1491 sub
1261 1452 1439 1492 nomine
1477 1452 1553 1493 tri-

131 1529 283 1571 nitatis.
352 1530 439 1571 Sed
484 1530 652 1570 intuere
694 1529 966 1584 prudentiam
1018 1527 1164 1576 Pauli,
1214 1530 1417 1582 quoniam
1459 1529 1552 1585 qui-

133 1607 230 1647 dem
250 1607 260 1630 ¹
278 1606 320 1663 ¹)
350 1606 394 1648 in
423 1606 634 1662 praesenti
663 1606 762 1647 loco
793 1622 884 1647 non
922 1617 1009 1646 tam
1038 1604 1300 1660 baptismatis
1328 1605 1553 1656 rationem,

132 1700 261 1739 quam
292 1684 441 1725 mortis
480 1681 635 1725 Christi
675 1683 883 1724 discutere
920 1682 1139 1737 cupiebat,
1175 1682 1228 1722 ad
1249 1681 1318 1736 ¹²)
1349 1680 1468 1739 cujus
1497 1683 1552 1724 si-

129 1760 415 1802 militudinem
456 1760 580 1802 etiam
623 1777 704 1802 nos
732 1761 928 1801 suaderet
959 1758 1071 1799 mori
1102 1760 1258 1800 debere
1286 1771 1480 1815 peccato,
1510 1771 1551 1800 et

249 1961 292 2018 ¹)
322 1962 453 2003 Deest
480 1963 762 2019 „baptizatus“
788 1962 832 2003 in
864 1962 1052 2003 editione
1083 1960 1361 2003 Genebrardi.
1392 1961 1441 2001 R.

247 2031 294 2085 2)
324 2032 455 2072 Deest
483 2038 577 2082 ,‚et“
607 2033 648 2072 in
684 2033 779 2073 edd.
809 2031 995 2073 Merlini.

245 2101 291 2157 ³)
320 2102 473 2143 Matth.
495 2101 568 2151 III,
599 2103 664 2145 15.

246 2171 293 2227 ¹²)
323 2172 402 2213 Ed.
433 2172 493 2212 M.
525 2172 564 2212 I:
595 2173 922 2227 ‚,baptismum‚“
953 2173 1016 2213 ed.
1048 2171 1109 2212 M.
1141 2171 1199 2212 II:
1230 2173 1504 2228 „baptisma.“

247 2243 291 2297 ⁵)
320 2244 416 2285 Act.
444 2242 564 2292 XIX,
591 2243 629 2285 3.
659 2243 697 2286 5.
814 2242 861 2298 6)
892 2242 1017 2284 Rom.
1047 2242 1119 2292 VI,
1146 2242 1187 2284 3.

245 2312 291 2368 ⁷)
322 2313 370 2354 In
411 2325 532 2356 antea
581 2314 700 2356 editis
742 2314 802 2370 (v.
843 2331 877 2355 c.
915 2313 959 2354 in
1002 2314 1095 2355 edd.
1137 2311 1223 2367 M.)
1263 2313 1545 2355 desideratur:

71 2383 74 2386 ’
126 2375 331 2421 ‚,sumus.“
359 2370 409 2409 R.

246 2439 292 2495 8)
321 2439 437 2481 Editi
466 2439 526 2496 (V.
559 2457 593 2482 e.
625 2441 718 2481 edd.
747 2439 856 2496 M.:)
887 2441 1033 2494 „quod
1073 2439 1162 2494 ipse
1200 2438 1414 2480 Dominus
1445 2439 1546 2481 dixit

130 2499 208 2539 ad“
240 2509 315 2538 etc.
347 2497 397 2536 R.
428 2521 479 2528 —
513 2495 599 2537 Csr.
630 2497 782 2538 Matth.
811 2496 1019 2546 XXVIII,
1049 2496 1113 2539 19.

243 2566 288 2621 ⁹)
319 2566 436 2608 Editi
464 2567 521 2622 (e.
555 2585 587 2609 c.
618 2569 713 2608 edd.
742 2566 851 2621 M.):
881 2565 1137 2617 ‚,assumsit.“
1165 2566 1213 2607 R.

218 2637 289 2692 ¹⁰)
321 2637 443 2679 Rom.
474 2637 546 2688 VI,
574 2639 613 2681 3.

219 2707 290 2762 ¹¹)
318 2707 596 2748 Desideratur
624 2707 849 2764 „quidem“
878 2706 920 2748 in
954 2709 1049 2748 edd.
1080 2706 1141 2748 Μ.

219 2776 289 2831 ¹²)
318 2777 427 2817 Edd.
460 2778 655 2820 Merlini:
695 2779 777 2829 „ad
815 2774 931 2833 cujus
960 2795 1038 2820 nos
1066 2776 1383 2819 similitudinem
1417 2775 1540 2818 etiam

126 2835 345 2875 suaderet“
379 2844 456 2875 etc.
