1788 3111
503 124 951 168 communionum
985 124 1081 169 Lm.
1111 123 1142 165 Ι.
1477 123 1531 168 17

110 247 254 280 secuta
293 252 372 294 per
408 238 492 279 hoc
541 238 662 294 quod
699 248 934 289 segregatus
975 237 1131 279 dicitur
1173 235 1219 278 in
1257 235 1535 288 Evangelium

112 313 218 366 Dei3
258 313 366 356 sicut
408 314 507 370 et¹)
549 314 650 355 alibi
691 314 782 370 ipse
825 315 878 356 de
917 331 961 356 se
1003 314 1123 355 dicit:
1164 330 1290 364 „cum
1306 313 1352 368 2)
1392 325 1535 356 autem

114 392 376 446 complacuit
414 391 536 442 Deo,
583 392 656 447 qui
695 408 765 432 me
811 390 1038 443 segregavit
1075 389 1182 446 ex3)
1229 401 1350 432 utero
1391 389 1535 432 matris

111 484 245 517 meae,
277 481 316 509 et
333 467 377 523 ⁴)
409 469 572 510 vocavit
600 485 679 524 per
709 467 884 520 gratiam
913 485 1046 517 suam,
1075 479 1123 508 ut
1152 467 1355 508 revelaret
1373 465 1535 509 Filium

111 562 236 587 suum
265 544 309 586 in
339 549 444 586 me.“
513 545 647 599 Quod
678 558 821 586 tamen
854 544 1053 586 haeretici
1084 546 1138 586 ad
1168 543 1427 585 calumniam
1458 561 1535 585 vo-

114 634 229 671 cant,
271 621 456 663 dicentes
489 638 586 663 eum
616 635 876 674 segregatum
909 639 996 663 esse
1025 622 1078 662 ab
1109 634 1230 663 utero
1261 621 1405 662 matris
1434 637 1535 693 suae

113 700 170 740 ob
203 699 311 747 hoc,
342 699 460 753 quod
490 700 534 741 in
567 715 617 740 eo
647 711 824 742 naturae
853 699 1023 741 bonitas
1053 699 1205 750 inerat;
1235 697 1344 740 sicut
1374 714 1397 739 e
1429 714 1535 739 con-

110 775 240 817 trario
273 776 325 816 de
355 775 432 825 his,
463 775 536 831 qui
566 777 703 817 malae
731 788 908 817 naturae
938 787 1055 826 sunt,
1087 776 1241 818 dicitur
1269 775 1315 816 in
1343 775 1535 825 Psalmis,

110 851 208 907 quia
250 852 538 908 ,‚segregati⁵)
573 865 671 896 sunt
699 864 943 910 peccatores
974 869 1021 895 ex
1051 858 1212 896 uter0.“
1270 853 1360 895 Nos
1392 864 1533 894 autem

109 928 313 978 dicimus,
352 930 471 984 quod
500 945 641 985 neque
670 929 827 972 Paulus
856 929 1055 981 fortuito,
1087 941 1158 972 aut
1194 930 1377 972 naturali
1408 930 1534 972 diffe-

105 1006 242 1047 rentia
273 1007 427 1047 electus
459 1018 536 1056 est,
572 1008 647 1048 sed
679 1007 894 1049 electionis
924 1024 1026 1050 suae
1063 1024 1204 1050 causas
1233 1008 1279 1050 in
1305 1007 1530 1064 semetipso

108 1083 226 1125 dedit
264 1083 323 1133 ei,
365 1082 496 1140 qui6)
538 1084 642 1135 „scit
682 1095 834 1126 cuneta
852 1084 896 1141 ⁷)
929 1096 1156 1141 antequam
1186 1086 1350 1127 fiant:“
1390 1102 1533 1142 neque

104 1172 370 1217 peccatores,
411 1160 484 1216 qui
513 1174 765 1217 separantur
806 1177 831 1204 a
862 1173 1026 1212 ventre,
1067 1160 1281 1218 judici53)
1309 1163 1532 1221 iniquitate

104 1249 365 1294 separantur.
425 1237 626 1294 Denique
654 1239 793 1280 statim
826 1238 872 1281 in
911 1241 1268 1295 consequentibus
1299 1241 1396 1284 vide
1424 1243 1530 1299 quid

107 1317 162 1357 de
190 1316 252 1357 his
270 1313 317 1369 9)
356 1314 468 1356 dicat
495 1332 635 1357 sermo
671 1314 846 1358 divinus.
907 1315 1126 1372 Sm'iptum
1168 1329 1227 1359 est
1263 1318 1399 1361 enim:
1440 1337 1530 1371 „se-

107 1391 352 1446 gregati¹⁰)
381 1403 478 1433 sunt
506 1403 753 1447 peccatores
784 1393 836 1432 ab
871 1404 1006 1442 utero,
1037 1405 1283 1435 erraverunt
1311 1411 1336 1437 a
1371 1408 1530 1447 ventre,

106 1468 241 1509 locuti
271 1479 367 1509 sunt
396 1469 538 1510 falsa.“
567 1467 613 1509 Si
641 1467 934 1520 intelligamus,
965 1471 1189 1524 quomodo
1210 1471 1361 1522 statim,
1390 1485 1437 1514 ut
1455 1473 1466 1497 ¹
1486 1473 1528 1529 1)

108 1545 163 1585 de
201 1555 347 1585 ventre
383 1545 527 1586 matris
561 1545 806 1599 procedunt
840 1556 1106 1600 peccatores,
1151 1560 1418 1599 erraverunt,
1461 1550 1527 1591 vel

102 1620 237 1661 locuti
260 1631 356 1662 sunt
385 1621 511 1669 falsa,
541 1622 699 1675 pariter
726 1620 1019 1671 intelligimus,
1049 1624 1167 1677 quod
1195 1622 1294 1680 justi
1322 1640 1525 1680 separan-

103 1707 176 1738 tur
212 1713 235 1737 a
271 1707 429 1737 ventre.
499 1695 615 1748 Ergo
657 1707 697 1737 et
736 1695 894 1737 Paulus
938 1699 1056 1752 quod
1095 1700 1442 1758 „segregatus¹²)
1478 1701 1525 1743 in

102 1773 413 1826 Evangelium“
459 1771 633 1822 dicitur,
681 1784 720 1813 et
764 1774 1088 1829 segregatus¹³)
1127 1792 1150 1816 a
1196 1789 1341 1818 ventre
1378 1779 1523 1821 matris

103 1867 216 1901 suae,
247 1866 388 1892 causas
417 1848 463 1890 in
493 1865 558 1898 eo,
589 1859 629 1890 et
657 1848 821 1899 merita,
851 1850 1005 1907 quibus
1034 1851 1079 1893 in
1099 1853 1184 1894 hoc
1211 1855 1417 1906 segregari
1448 1857 1523 1896 de-

102 1925 265 1977 buerit,
298 1926 400 1968 vidit
431 1927 524 1976 ille,
551 1942 679 1982 quem
710 1943 802 1968 non
831 1928 932 1970 latet
960 1944 1089 1971 mens.
1148 1928 1362 1973 Praevidit
1391 1932 1520 1984 enim,

222 2086 267 2142 ¹)
295 2086 426 2128 Deest
454 2091 545 2136 „et“
574 2086 619 2129 in
650 2088 714 2129 ed.
744 2086 891 2130 Ruaei.

218 2155 266 2212 ²)
300 2156 436 2198 Galat.
466 2157 499 2207 I,
529 2159 594 2202 15.
626 2158 691 2201 16.
808 2157 854 2212 3)
884 2157 964 2201 Ed.
993 2158 1149 2201 Ruaei:
1181 2159 1235 2201 de
1262 2171 1398 2203 utero.

219 2224 266 2281 ⁴²)
295 2226 463 2267 Desunt
490 2228 642 2267 verba:
682 2238 748 2277 „et
775 2230 940 2269 vocavit
966 2245 1045 2284 per
1071 2229 1248 2282 ‘gratiam
1275 2234 1434 2282 suam‚“
1471 2230 1516 2274 in

105 2284 169 2324 ed.
201 2282 346 2324 Ruaei.
407 2282 493 2323 Csr.
527 2282 620 2323 Gal.
652 2283 681 2332 I,
715 2283 780 2324 15.

221 2351 266 2408 ⁵)
296 2352 448 2394 Psalm.
478 2351 627 2401 LVIII,
655 2354 692 2395 3.
728 2351 904 2409 (LVII.)

217 2421 264 2478 ⁶)
296 2420 360 2465 Cf.
390 2422 559 2464 Daniel.
589 2421 725 2479 (juxta
755 2421 1071 2480 Theodotion.)
1101 2423 1220 2477 XIII,
1247 2426 1315 2468 42.

216 2492 261 2548 ⁷)
289 2491 402 2533 Edd.
431 2491 626 2533 Merlini:
658 2493 814 2534 omnia.

215 2561 264 2618 ⁸)
293 2561 404 2604 Edd.
434 2561 629 2603 Merlini:
658 2561 819 2620 judicii.

216 2631 263 2688 9)
292 2631 403 2673 Edd.
437 2630 631 2673 Merlini:
661 2634 721 2683 der
742 2632 805 2675 iis.

189 2701 263 2756 ¹⁰)
292 2700 446 2743 Psalm.
474 2701 624 2752 LVIII,
652 2702 692 2745 3.
721 2701 896 2758 (LVII.)

191 2770 264 2821 ¹¹)
290 2770 370 2812 Ed.
399 2770 462 2812 M.
491 2771 551 2812 II:
582 2783 655 2822 „ut
682 2771 746 2822 sit,
776 2773 830 2813 de
858 2775 1027 2814 ventre“
1056 2782 1132 2815 etc.
1161 2770 1227 2829 (?)

191 2839 264 2896 ¹²)
291 2839 420 2882 Rom.
448 2840 482 2891 I,
511 2841 549 2884 1.
669 2841 741 2897 ¹3)
773 2840 909 2884 Galat.
938 2841 971 2893 I,
999 2841 1065 2886 15.

104 2911 325 2954 OmGEms
357 2909 529 2955 OPERA.
569 2909 690 2954 ΤοΜ.
718 2911 788 2955 VI.
1177 2912 1208 2956 2
