1788 3111
206 120 264 164 58
547 117 770 163 ORIGENIS
800 133 850 162 IN
876 119 954 163 ΕΡ.
985 134 1046 164 AD
1077 122 1302 167 ROMANos

207 235 501 292 quodcunque
540 235 725 276 voluerit
765 234 855 291 ipsa
905 234 1110 287 declinet,
1159 236 1267 278 sicut
1305 236 1510 294 scriptum
1553 251 1634 282 est:

205 328 332 363 „ecce
353 310 395 366 ¹)
424 311 551 367 posui
575 323 670 353 ante
688 312 839 354 faciem
857 324 973 354 tuam
993 315 1119 355 vitam
1146 325 1185 354 et
1202 326 1400 365 mortem,
1430 316 1569 368 ignem
1586 316 1634 373 2)

207 401 247 431 et
278 394 470 445 aquam.“
528 390 626 431 Vita
666 408 765 444 ergo
799 390 989 434 Christus
1021 403 1100 441 cst,
1148 403 1186 432 et
1226 408 1342 434 mors
1384 394 1633 438 novissimus

205 466 427 517 inimicus,
467 467 540 523 qui
573 480 633 509 est
664 469 873 511 diabolus.
933 469 1074 510 Habet
1113 485 1211 521 ergo
1252 469 1297 511 in
1337 471 1514 513 arbitrio
1553 490 1632 514 suo

207 546 363 595 anima,
393 544 426 588 si
454 547 565 595 velit,
595 545 747 596 eligere
775 546 901 587 vitam
937 546 1166 597 Christum,
1198 547 1330 602 aut3)
1371 548 1415 590 in
1447 562 1633 591 mortem

208 625 432 667 diabolum
480 624 708 666 declinare.
797 623 966 678 Quodsi
1013 640 1245 676 agnoscens
1290 626 1432 669 anima
1476 627 1636 678 Deum,

209 702 425 745 Christum
465 703 592 744 vitam
638 719 758 744 suam
799 703 1034 758 amplexata
1081 720 1172 743 non
1213 703 1363 754 fuerit,
1409 721 1488 746 nec
1528 704 1635 746 sicut

205 781 350 822 Deum
389 780 802 835 magnificaverit‚4)
845 792 916 822 aut
946 779 1095 832 gratias
1126 779 1277 832 egerit,
1316 783 1390 823 sed
1421 781 1638 822 evanuerit

206 858 251 900 in
284 858 611 910 cogitationibus
640 859 737 907 suis,
769 870 809 899 et
837 859 1063 900 mutaverit
1092 860 1272 911 gloriam
1296 858 1635 915 incorruptibilis

207 936 293 977 Dei
330 936 374 977 in
415 935 735 977 similitudinem
780 936 971 989 imaginis
1012 928 1302 993 eorruptibilis
1346 936 1554 987 hominis,
1598 947 1637 977 et

206 1014 432 1056 volucrum
473 1026 512 1055 et
556 1015 887 1069 quadrupedum
930 1026 968 1055 et
1006 1015 1290 1071 serpentium,
1338 1026 1378 1056 et
1422 1014 1530 1068 in5)
1574 1013 1636 1055 his

209 1093 412 1134 omnibus
443 1092 716 1133 declinaverit
753 1094 807 1133 ad
848 1109 1047 1144 carnem,
1087 1105 1213 1149 atque
1254 1110 1348 1143 eos,
1391 1094 1464 1149 qui
1501 1092 1637 1133 carnis

207 1170 423 1212 desideriis
452 1172 615 1212 favent:
649 1169 966 1225 derelinquetur
981 1171 1072 1212 sine
1103 1170 1236 1212 dubio
1270 1183 1310 1212 et
1339 1173 1553 1212 deseretur
1583 1171 1636 1211 ab

205 1248 269 1299 iis,
300 1248 372 1304 qui
407 1265 498 1289 eam
533 1251 679 1289 favore
709 1265 800 1297 suo,
832 1260 879 1289 ut
903 1247 1070 1304 spiritui
1087 1246 1345 1305 jungeretur,
1376 1248 1637 1297 animabant,

208 1324 308 1379 (ηδ)
343 1328 582 1368 concedent
602 1342 708 1375 eam,
738 1327 803 1366 vel
832 1328 1001 1367 tradent
1031 1327 1247 1368 desideriis
1278 1326 1419 1367 cordis
1447 1324 1524 1374 sui,
1543 1323 1638 1380 qui-

205 1407 286 1446 bus
325 1404 443 1446 carni
475 1404 661 1445 sociatur
694 1416 732 1444 et
768 1405 981 1446 adhaeret.
1040 1404 1191 1460 Neque
1222 1403 1335 1445 enim
1367 1402 1653 1444 obsistentem<

208 1499 302 1525 eam
335 1500 383 1524 ac
417 1483 710 1532 reluctantem,
742 1484 797 1523 ad
828 1498 889 1531 ea,
921 1498 1029 1537 quae
1061 1483 1214 1534 refugit
1242 1499 1289 1523 ac
1315 1481 1487 1537 respuit,
1514 1496 1638 1522 revo-

208 1563 378 1602 cabunt.
439 1559 573 1617 Cujus
612 1559 674 1600 rei
712 1559 968 1611 imaginem,
1006 1560 1039 1601 si
1073 1560 1214 1601 adhuc
1245 1559 1412 1602 videtur
1443 1560 1639 1607 obscura,

205 1638 280 1680 tali
311 1639 496 1694 quadam
525 1638 666 1693 specie
694 1636 1028 1679 manifestiorem
1049 1636 1377 1692 planioremque
1397 1638 1636 1678 reddemus.

206 1720 428 1761 Ponamus
460 1731 546 1758 esse
576 1714 754 1770 aliquod
786 1713 1077 1764 domicilium,
1117 1713 1163 1754 in
1202 1718 1293 1768 quo‘
1322 1730 1419 1754 cum
1452 1729 1638 1769 corpore

210 1809 249 1839 et
286 1795 436 1853 spiritu
476 1794 588 1834 velut
629 1809 727 1833 cum
772 1792 942 1832 duobus
986 1789 1235 1833 consiliariis
1278 1790 1440 1831 habitet
1479 1790 1641 1842 anima3

207 1892 290 1932 pro
322 1872 487 1916 foribus
516 1887 617 1911 vero
651 1867 775 1926 hujus
807 1867 1015 1910 domicilii
1042 1870 1206 1910 adstare
1226 1868 1439 1925 pietatem,
1471 1884 1640 1909 omnes-

209 1969 293 2009 que
326 1968 422 1993 cum
445 1967 491 1991 ca
511 1948 704 1989 virtutes:
738 1964 785 1987 ex
816 1946 897 1987 alia
915 1961 1014 1986 vero
1032 1957 1153 2001 parte
1171 1945 1447 2000 impietatem,
1469 1962 1640 1987 omnes-

209 2047 292 2087 que
336 2028 599 2069 luxuriarum
650 2041 697 2066 ac
742 2023 973 2064 libidinum
1018 2024 1200 2073 formas,
1253 2023 1351 2078 (πῖ)
1400 2034 1639 2079 exspectare

209 2109 378 2151 animae
406 2116 574 2152 nutum,
605 2118 731 2158 quem
763 2119 809 2143 ex
832 2102 1001 2143 duobus
1022 2118 1103 2157 pro
1131 2100 1295 2142 foribus
1319 2101 1640 2143 observantibus

330 2241 372 2296 Ι)
404 2241 530 2280 Dcut.
571 2238 728 2287 XXX,
772 2237 837 2280 15.
881 2237 978 2278 coll.
1020 2235 1301 2277 Ecclesiastic.
1341 2235 1438 2287 XV,
1469 2236 1534 2278 17.
1575 2234 1639 2279 18.

208 2300 332 2356 (Sap.
366 2295 522 2350 Sirac.)

327 2368 373 2421 2)
404 2368 516 2408 Edd.
546 2363 742 2405 Merlini:
776 2375 814 2405 ct
843 2363 997 2415 ignem.

329 2438 374 2492 3)
406 2435 522 2478 Editi
553 2435 612 2491 (e.
644 2452 677 2475 c.
710 2435 805 2475 edd.
831 2434 940 2490 M.):
972 2432 1039 2483 „in
1073 2443 1257 2473 mortem
1291 2433 1345 2473 ad
1377 2430 1641 2472 dial)olu1n.“

239 2497 337 2537 lale.
372 2494 418 2533 l'x.

210 2497 239 2538 N
330 2550 373 2607 ⁴)
406 2550 531 2590 Rom.
563 2548 594 2597 Ῑ,
625 2548 690 2590 21.
721 2548 849 2590 23.-—
862 2546 929 2588 24.

329 2623 374 2675 5)
404 2622 535 2662 Deest
562 2622 657 2669 ,‚in“
688 2618 733 2658 in
765 2615 1077 2659 cdd-Bslerlini.

329 2693 374 2747 6)
406 2691 503 2733 Mss.
527 2691 715 2745 quidam,
749 2699 788 2729 et
810 2688 1034 2728 Rabanus:
1068 2697 1134 2735 „et
1164 2685 1407 2725 concedunt
1437 2698 1543 2730 eam,
1575 2683 1638 2722 vel

212 2752 424 2797 t.1·n‹]un¹‚“
457 2749 506 2788 al.
539 2745 742 2786 trallunt.
794 2743 960 2785 Caeteri
982 2744 1080 2784 Mss.
1112 2754 1151 2783 ct
1172 2740 1271 2783 editi
1302 2742 1360 2796 (e.
1379 2756 1412 2781 e.
1438 2740 1533 2781 edd.
1554 2738 1640 2782 Μ.)

214 2818 325 2849 recte
356 2817 401 2845 nt
431 2805 473 2844 in
506 2815 628 2844 textu.
661 2801 710 2842 R.

331 2877 376 2929 Ἰ)
410 2875 537 2914 Deest
568 2877 658 2922 „et“
689 2871 732 2913 in
766 2872 861 2913 cdd.
892 2868 1078 2911 Men-lini.
