1788 3111
210 131 293 174 122
546 125 768 167 Omana-is
796 137 842 167 m
872 125 950 166 Er.
980 135 1040 167 AD
1074 125 1298 168 ROMANos

207 261 301 286 non
329 255 499 298 semper
516 241 652 291 legem
685 239 881 288 custodit,
909 254 1131 294 nunquam
1160 249 1302 280 tamen
1323 240 1638 296 praevaricator

210 333 269 363 est
297 319 409 371 legis.
468 318 701 373 Propterea
731 317 776 358 in
809 315 1165 372 consequentibus
1191 316 1312 358 dicit:
1343 318 1402 368 „si
1422 318 1465 373 ¹)
1495 330 1637 360 autem

208 396 480 456 praeputium
503 393 704 452 justitiam
725 393 824 445 legis
848 395 1068 444 custodiat,
1097 410 1245 434 nonne
1266 392 1487 451 judicabit,
1518 397 1638 451 quod

210 493 259 518 ex
288 487 441 517 natura
472 485 531 515 est
559 459 855 527 praeputium,
895 471 1045 522 legem'
1068 471 1314 527 perficiens,
1357 483 1419 521 te,
1460 472 1532 527 qui
1561 489 1639 528 per

209 554 378 595 literam
410 563 447 592 et
479 548 848 592 circumcisionem
872 548 1190 603 praevaricator
1220 566 1260 591 es
1290 547 1452 600 legis?“
1486 547 1641 590 Custo-

212 631 273 672 dit
304 646 403 682 ergo
435 630 572 681 legem
610 626 665 676 is,
704 626 778 682 qui
816 642 909 666 cam
946 628 1184 667 secundum
1226 626 1388 668 literam
1423 626 1639 668 observat:

211 719 251 749 et
280 708 313 750 is
343 706 661 763 praevaricatur
702 720 818 753 eam,
863 700 937 758 qui
977 703 1240 758 spiritualem
1282 701 1370 760 ejus
1408 720 1498 744 non
1528 712 1643 743 tenet

211 802 396 828 sensum.
437 780 664 837 Justitia2)
697 798 797 822 vero
828 782 940 832 legis,
970 780 1145 821 moralis
1177 779 1264 835 ejus
1297 792 1355 823 est
1384 782 1516 822 locus.
1559 780 1643 820 Lex

212 862 325 903 enirn
358 861 552 911 generale
583 858 843 899 vocabulum
876 868 955 907 est,
994 856 1148 914 justitia
1182 875 1283 899 vero
1313 875 1410 914 pars
1440 857 1541 909 legis
1571 867 1642 898 est.

213 937 420 980 Continet
459 937 571 977 enim
614 937 679 976 lex
719 934 913 992 justitias,
959 946 999 975 et
1037 933 1219 991 judicia,
1262 949 1302 977 et
1339 937 1563 983 mandata,
1604 945 1644 974 et

211 1015 554 1074 justificationes,
604 1012 789 1068 aliasque
829 1012 1164 1067 quamplurimas
1204 1013 1377 1069 speeies.
1449 1013 1496 1054 Si
1541 1028 1640 1064 ergo

210 1095 485 1150 praeputium
524 1107 615 1131 non
664 1089 719 1131 ait
758 1089 894 1145 ipsam
934 1090 1094 1140 legem,
1141 1091 1215 1131 sed
1254 1091 1288 1132 si
1329 1089 1504 1147 justitias
1542 1091 1643 1141 legis

214 1170 438 1219 custodiat,
465 1169 510 1210 in
540 1178 705 1209 tantum
736 1169 975 1221 praesertur
1002 1167 1316 1209 circumcisioni
1337 1165 1644 1223 praevaricanti

212 1250 363 1300 legem,
392 1258 439 1287 ut
469 1245 593 1286 etiam
623 1242 783 1300 judicet
814 1260 920 1284 cam.
979 1244 1034 1285 Et
1063 1246 1175 1286 bene
1205 1245 1391 1287 addidit:
1421 1243 1643 1299 „legem-⁷²)

213 1323 479 1381 perficiens.“
526 1322 604 1362 Ille
635 1320 761 1370 enim,
793 1321 866 1377 qui
895 1323 1132 1362 secundum
1164 1323 1331 1363 literam
1361 1321 1471 1371 vivit,
1503 1332 1643 1362 custo-

215 1401 308 1442 dire
346 1399 503 1440 dicitur
539 1400 697 1450 legem,
753 1398 828 1440 iste
865 1415 988 1446 vero,
1040 1398 1113 1454 qui
1155 1401 1392 1441 secundum
1435 1398 1646 1454 spiritum,

213 1480 444 1535 perficere:
482 1476 690 1532 perfectio
726 1488 868 1517 autem
901 1477 999 1528 legis
1030 1475 1073 1516 in
1107 1475 1276 1519 Christo
1310 1489 1388 1527 cst,
1420 1476 1492 1533 qui
1523 1475 1645 1518 dixit:

215 1573 332 1606 „non
348 1554 395 1610 ⁴)
434 1553 530 1595 veni
557 1555 722 1595 solvere
759 1555 915 1606 legem,
959 1555 1034 1594 sed
1065 1554 1340 1610 adimplere.“
1396 1554 1648 1609 Adimplere

218 1644 356 1673 autem
387 1632 545 1682 legem,
584 1632 669 1672 hoc
687 1630 731 1685 ⁵)
771 1643 829 1672 est
867 1633 1074 1686 perficere
1112 1633 1260 1682 legem.
1321 1630 1517 1672 Custodit
1546 1645 1645 1681 ergo

218 1712 354 1761 legem
387 1708 566 1749 carnalis
596 1708 809 1758 Judaeus,
849 1708 1016 1764 perficit
1045 1719 1185 1749 autem
1216 1706 1465 1763 spiritualis,
1504 1718 1543 1747 et
1573 1707 1646 1761 qui

216 1787 262 1828 in
295 1786 466 1827 occulto
492 1786 681 1826 Judaeus
714 1797 782 1826 est.
841 1785 891 1826 In
912 1802 998 1840 quo
1029 1785 1100 1826 ille
1131 1785 1304 1840 quidem
1333 1783 1649 1840 praevaricator

216 1863 338 1915 legis,
369 1863 437 1903 hic
470 1874 607 1903 autem
640 1860 768 1919 judex
797 1861 1147 1917 praevaricatoris
1178 1862 1369 1902 efficitur.
1428 1860 1648 1902 Praevari-

220 1952 343 1982 cator
381 1951 521 1980 autem
562 1936 803 1994 efficitur6)
848 1939 1026 1980 carnalis
1063 1939 1273 1988 Judaeus,
1314 1939 1413 1994 quia
1451 1940 1515 1979 lex
1555 1939 1646 1994 ipsa

217 2015 580 2071 infirmabatur7)
610 2033 689 2071 per
720 2032 901 2057 carnem.
950 2016 1041 2057 Nisi
1067 2015 1178 2057 enim
1200 2014 1476 2070 infirmatass)
1507 2015 1649 2057 suisset

220 2096 460 2137 secundum
504 2111 698 2144 carnem,
737 2110 826 2134 non
858 2093 1005 2149 utique
1036 2093 1264 2134 diceretur:
1306 2091 1494 2149 „nam9)
1529 2095 1648 2149 quod

219 2171 486 2228 impossibile
514 2183 603 2213 erat
632 2170 726 2223 legi,
746 2171 815 2225 ¹⁰)
846 2173 891 2214 in
911 2188 997 2227 quo
1015 2170 1315 2212 infirmabatur
1337 2186 1415 2226 per
1438 2175 1648 2211 carnem.“

341 2319 384 2373 ¹)
414 2318 541 2359 Rom.
571 2317 625 2368 II,
652 2318 719 2361 26.
748 2319 815 2362 27.

338 2388 385 2443 ²)
416 2388 478 2428 Ita
509 2387 609 2429 Mss.
639 2389 785 2430 nostri.
846 2391 920 2430 Ast
949 2387 1049 2429 editi
1073 2387 1132 2442 (e.
1164 2403 1197 2427 c·
1228 2388 1323 2428 edd.
1353 2383 1458 2441 M.):
1492 2386 1645 2435 „Jusnh

223 2444 302 2487 tiae
333 2461 432 2485 vcro
465 2445 576 2496 legis,
607 2446 780 2486 moralis
812 2457 870 2486 est
897 2446 1057 2485 locus.“
1098 2444 1146 2484 R.

338 2514 385 2568 ³)
419 2514 542 2555 Rom.
573 2514 626 2562 Π,
655 2515 722 2557 27.
840 2513 885 2568 4)
917 2514 1066 2554 7NIatth.
1099 2513 1150 2563 V,
1179 2514 1243 2555 17.

343 2585 388 2638 ⁵)
418 2584 548 2625 Deest
578 2584 714 2633 ‚,hoc“
746 2584 791 2624 in
824 2586 917 2625 cdd.
949 2583 1009 2625 M.

343 2652 389 2708 ⁶)
421 2653 471 2694 In
491 2654 611 2697 editis
631 2654 689 2710 (v.
713 2673 746 2696 c.
769 2654 809 2695 in
836 2657 929 2696 edd.
950 2653 1035 2708 M.)
1067 2652 1294 2695 omittitur:
1325 2653 1569 2703 „efficitur.“
1600 2653 1647 2693 R.

346 2724 391 2778 ⁷)
422 2724 532 2766 Edd.
564 2724 758 2766 Merlini:
788 2725 1037 2766 hilii-matur.

272 2851 276 2856 ἱ
345 2793 392 2848 ⁸)
422 2795 534 2836 Edd.
561 2795 757 2836 Merlini:
787 2796 954 2837 infirma
984 2794 1138 2837 suisset.
1236 2792 1281 2847 ⁰)
1315 2792 1437 2834 Rom.
1471 2791 1583 2841 Vlll,
1610 2793 1648 2835 3.

322 2863 394 2919 ¹⁰)
425 2864 536 2907 Edd.
571 2866 763 2909 Mcrlini:
796 2865 904 2918 legis.
967 2864 1052 2907 Cfr.
1088 2864 1214 2906 Rom.
1246 2863 1356 2904 VHI.
1387 2864 1425 2907 3.
