1788 3111
523 131 964 174 COMMENTARIORUM
993 129 1084 171 Lm.
1108 129 1158 170 11.
1468 129 1552 173 157

133 243 360 287 adulterii?
398 243 484 286 Sed
503 244 546 300 1)
576 256 633 286 est
651 244 887 293 sciendum,
918 243 1035 298 quod
1052 258 1143 283 non
1163 257 1332 298 semper
1348 242 1553 298 praetitu-

134 321 305 364 lationis
321 322 539 364 historiam
557 320 713 362 Psalmi
732 319 992 360 continentia
1010 320 1211 374 sequitur,
1228 331 1274 360 ut
1291 320 1333 360 in
1355 320 1552 375 plurimis

132 399 325 450 Psalmis,
356 399 428 455 qui
459 396 769 450 observabit‚2)
801 395 996 437 inveniet.
1052 395 1108 436 Et
1138 406 1184 436 ut
1213 397 1391 451 exempli
1428 413 1551 438 causa

136 476 334 526 dixerim,
363 474 521 518 Psalmi
551 473 705 515 decimi
734 472 903 528 septimi
931 472 1215 528 praetitulatio
1249 484 1327 514 est:
1345 473 1391 527 3)
1419 474 1489 523 „in
1505 474 1551 530 4)

134 555 280 603 finem,
311 552 460 608 inquit,
489 566 624 607 puero
647 549 830 591 Domini
859 549 1012 599 David,
1041 550 1113 604 qui
1139 551 1307 591 locutus
1338 561 1396 591 est
1423 552 1552 591 verba

138 629 292 670 cantici
322 628 446 685 hujus
469 629 512 668 in
535 628 616 677 die,
647 643 732 682 quo
763 626 957 668 liberavit
979 643 1077 667 eum
1101 626 1316 668 Dominus
1338 628 1390 667 de
1420 644 1553 668 manu

140 705 332 746 omnium
363 704 635 745 inimicorum
663 720 854 752 suorum,
886 715 925 744 et
955 704 1008 744 de
1036 719 1168 744 manu
1191 703 1306 752 Saul,
1338 714 1377 743 et
1402 704 1555 745 dixit:“

140 780 398 823 continentia
437 798 537 822 vero
578 780 737 822 Psalmi
779 780 907 831 longe
946 781 1062 822 aliud
1103 797 1231 836 quam
1269 779 1553 836 praetitulatio

140 859 339 900 continet.
400 857 524 912 Quae
554 858 664 898 enim
705 858 984 899 fundamenta
1021 857 1234 899 montium
1272 857 1554 913 commota-⁹³)

138 933 265 977 sunt?
295 946 364 975 aut
386 936 609 990 quomodo
629 933 674 989 6)
704 935 948 975 tremefacta
980 945 1038 976 est
1068 946 1191 984 terra,
1222 951 1320 975 cum
1350 947 1558 991 pugnaret

138 1011 283 1052 David
314 1013 535 1053 adversum
574 1011 770 1053 inimicos
806 1008 933 1052 suos?
988 1012 1075 1051 Aut
1113 1011 1189 1052 ubi
1216 1012 1455 1068 refertur7)
1488 1029 1556 1053 ca-

138 1088 224 1140 Iigo
255 1089 333 1130 sub
357 1088 536 1143 pedibus
556 1087 738 1129 Domini
756 1086 912 1129 fuisse?
941 1088 1005 1128 vel
1036 1088 1113 1129 ubi
1140 1087 1353 1130 indicatur
1381 1091 1558 1130 adscen-

141 1166 248 1206 disse
277 1181 405 1221 super
435 1164 693 1215 Cherubim,
733 1176 773 1206 et
802 1165 982 1214 volasse,
1016 1166 1081 1206 vel
1110 1182 1239 1221 super
1266 1182 1426 1221 pennas
1456 1183 1558 1207 ven-

139 1253 309 1291 torum,
354 1253 394 1282 et
432 1254 593 1283 caetera
629 1257 767 1297 paene
805 1242 969 1292 omnia,
1017 1258 1126 1297 quae
1156 1258 1176 1283 a
1207 1243 1558 1298 praetitulationis

141 1317 317 1359 historia
359 1317 621 1366 omnimode¹
647 1317 914 1373 discrepant?
978 1318 1076 1359 Hoc
1120 1334 1219 1371 ergo
1259 1322 1394 1361 modo
1436 1332 1476 1361 et
1512 1321 1558 1362 in

144 1394 492 1449 quinquagesimo
522 1393 716 1443 Psalmo,
754 1393 924 1450 quaes)
951 1397 1186 1436 seeundum
1218 1396 1435 1437 historiam
1465 1414 1557 1438 non

145 1469 476 1526 conveniunt.⁹)
527 1471 774 1512 Videndum
806 1483 884 1521 est,
923 1488 978 1512 ne
1007 1474 1119 1513 forte
1146 1472 1332 1514 mulieris
1359 1474 1405 1514 in
1433 1491 1558 1530 prae-

143 1546 382 1587 titulatione
420 1564 499 1603 per
527 1550 706 1599 figuram
742 1548 906 1590 idcirco
935 1551 1045 1590 facta
1085 1549 1137 1590 sit
1171 1549 1355 1599 mentio,
1394 1562 1441 1591 ut
1476 1553 1556 1592 sub

142 1623 222 1664 hac
254 1624 541 1679 appellatione
568 1624 824 1677 intelligatur
854 1625 995 1680 aliqua
1023 1626 1115 1667 talis
1139 1626 1306 1676 mulier,
1330 1628 1395 1667 vel
1426 1627 1559 1683 qualis

144 1699 397 1741 describitur
432 1700 504 1741 illa
541 1701 683 1750 fortis,
723 1718 831 1757 quae
871 1702 1057 1758 duplices
1089 1703 1330 1761 chlamydes
1369 1704 1559 1760 fecit¹⁰)

144 1777 237 1817 viro
268 1793 369 1826 suo,
408 1778 474 1818 vel
506 1790 618 1819 certe
653 1778 843 1835 huic¹¹>
887 1779 1120 1829 contraria,
1154 1791 1202 1820 ut
1240 1780 1412 1820 suerunt
1449 1781 1559 1832 illae,

145 1869 254 1908 quae
285 1854 484 1895 dicuntur
514 1855 831 1912 declinasse¹²)
868 1873 942 1897 cor
965 1855 1222 1906 Salomonis,
1251 1868 1298 1897 ut
1320 1857 1560 1899 aedificaret

263 1966 307 2021 1)
337 1967 417 2008 Ed.
436 1967 497 2007 M.
520 1967 562 2007 I:
591 1968 704 2016 „Sed
724 1980 762 2010 et
780 1968 1040 2019 sciendum,“
1074 1971 1137 2010 ed.
1161 1985 1261 2009 vero
1283 1969 1342 2013 M.
1364 1970 1422 2011 II:
1442 1970 1556 2021 „Sed

146 2033 205 2063 est
230 2022 488 2065 sciendum.“
544 2024 625 2065 Ed.
656 2024 810 2066 Ruaei:
841 2026 955 2074 „Sed
984 2026 1245 2067 sciendum.“

263 2092 310 2145 ²)
341 2092 452 2133 Edd.
479 2093 678 2135 Merlini:
709 2096 913 2136 observat.

261 2161 309 2217 3)
338 2163 617 2204 Desideratur
645 2170 764 2212 „est“
792 2165 837 2205 in
868 2166 962 2207 edd.
992 2164 1179 2206 Merlini.

263 2230 309 2286 4)
339 2232 492 2273 Psalm.
521 2232 680 2274 XVIII.
709 2232 891 2290 (XVII)

263 2302 309 2358 5)
337 2302 492 2344 Psalm.
520 2303 679 2354 XVIII,
710 2304 745 2347 7.
777 2305 960 2361 (XVII.)

261 2372 307 2428 5)
335 2374 446 2415 Alias
477 2372 534 2429 (v.
568 2391 600 2416 c.
629 2375 675 2415 in
705 2377 798 2416 edd.
829 2375 936 2431 Μ.);
966 2378 1207 2432 ,‚quando.“
1237 2376 1286 2417 R.

265 2443 309 2499 ⁷)
340 2443 494 2485 Psalm.
524 2444 682 2494 XVIII,
710 2446 889 2488 9.-10.
920 2446 1102 2501 (XVII.)

263 2512 310 2569 8)
339 2513 455 2554 Editi
485 2514 545 2569 (v,
579 2532 612 2556 c.
646 2517 740 2557 edd.
764 2517 869 2572 Μ.);
899 2518 1083 2572 „quod.“
1113 2542 1164 2549 —
1194 2517 1349 2559 Psalm.
1375 2517 1439 2559 LI.
1464 2518 1556 2575 (L.)

264 2583 309 2637 ⁹)
338 2583 418 2625 Ed.
448 2584 508 2624 Μ.
536 2582 579 2624 I:
617 2587 905 2634 „conveniunt
943 2586 1175 2629 videndum
1220 2600 1299 2629 est:
1340 2594 1427 2630 ne“
1469 2602 1558 2641 etc.,

149 2639 212 2679 ed.
243 2638 303 2680 Μ.
332 2639 394 2680 11:
423 2643 721 2691 ‚,conveniunt‚
750 2643 982 2685 videndum
1015 2655 1085 2695 est,
1114 2649 1205 2685 ne“
1236 2656 1312 2686 ete.

239 2708 307 2763 ¹⁰)
339 2709 466 2751 prov,
496 2710 659 2760 XXXI,
691 2712 757 2754 22.

238 2776 309 2832 11)
341 2779 451 2821 Alias
480 2780 538 2836 (e.
570 2798 602 2821 c.
626 2781 669 2822 in
693 2784 787 2825 edd.
809 2783 918 2839 M.):
949 2783 1038 2833 „his
1070 2784 1320 2827 contraria.“
1347 2784 1474 2827 Male.
1509 2784 1557 2825 R.

240 2845 312 2903 ¹²)
342 2847 361 2888 I
391 2847 517 2902 Regg.
545 2850 623 2901 XI,
650 2852 694 2900 3.
719 2852 758 2894 4.
788 2869 901 2910 seqq.
931 2853 1018 2908 (III
1045 2853 1196 2909 Regg.)
