1788 3111
546 122 987 163 COMMENTAR10RUM
1018 123 1107 163 Lm.
1134 122 1183 162 11.
1495 125 1576 167 139

162 235 322 276 dotales
353 245 540 275 veterum
572 233 898 292 Aegyptiorum,
929 249 1031 288 quas
1061 233 1396 293 hieroglyphicas
1427 237 1573 292 appel-

161 313 270 361 lant,
315 329 443 352 nemo
485 311 671 352 discebat
710 309 787 350 nisi
828 309 1108 351 circumcisus.
1179 311 1391 368 Omnis¹)
1430 313 1572 355 hiero-

157 390 355 444 phantes,
399 387 535 429 omnis
566 398 695 436 vates,
727 387 864 428 omnis
895 388 1022 437 coeli,
1053 400 1100 428 ut
1129 401 1301 444 putant,
1332 389 1574 445 infernique

161 477 313 523 mystes
346 476 386 505 et
416 464 606 505 conscius
639 466 752 520 aqud
784 482 855 505 eos
888 482 973 506 esse
1001 483 1092 506 non
1111 465 1308 515 creditur,
1338 465 1420 507 nisi
1449 466 1577 507 suerit

160 541 439 584 circumcisus.
498 543 593 583 Hoc
632 542 758 595 igitur
799 543 913 598 apud
950 559 1030 583 nos
1066 554 1191 598 turpe
1230 555 1270 584 et
1309 544 1575 584 obscoenum

160 617 364 675 judicatis,
399 620 516 673 quod
538 620 651 674 apud
672 636 745 660 vos
775 619 831 660 ita
851 621 1075 661 honestum
1095 622 1278 661 babetur
1296 632 1336 661 et
1359 637 1575 673 magnum,

161 707 208 735 ut
239 695 484 736 coelestium
507 695 861 752 infernorumque
891 709 1048 738 secreta
1069 697 1240 739 nonnisi
1270 715 1347 754 per
1376 696 1576 754 hujusce-

158 771 277 812 modi
322 771 497 824 insignia
545 773 754 814 enuntiari
804 773 922 814 vobis
968 791 1093 830 posse
1135 775 1342 816 credatis?
1404 775 1577 830 Quodsi

158 849 272 904 aqud
302 865 375 890 vos
403 865 484 904 pro
515 861 579 890 tot
611 851 711 904 et2)
752 851 876 892 tantis
915 864 1174 893 secretorum
1206 866 1442 894 vestrorum
1476 869 1575 893 cau-

159 925 223 974 sis,
257 942 364 981 quae
403 926 591 968 ministra
624 928 944 970 circumcisione
973 942 1253 985 peraguntur,
1292 930 1578 971 necessarium

159 1003 237 1044 erit
265 1002 472 1044 rationem
499 1004 655 1060 quaeri,
688 1017 728 1046 et
747 1006 888 1056 talem,
921 1023 1029 1062 quae
1051 1007 1266 1048 contemni
1297 1024 1387 1048 non
1410 1008 1578 1057 debeat,

157 1080 272 1137 ne3)
304 1098 399 1122 cum
432 1098 479 1122 ea
511 1094 686 1123 cunctae
714 1083 873 1138 pariter
911 1083 1029 1125 vobis
1067 1084 1333 1125 ceremoniae
1363 1085 1577 1125 subruan-

158 1170 250 1207 tur,
301 1175 377 1199 cur
413 1175 504 1200 non
543 1158 587 1199 id
629 1159 753 1200 etiam
792 1162 907 1216 apud
950 1178 1029 1202 nos
1076 1161 1168 1202 fieri
1205 1179 1329 1217 posse
1369 1159 1578 1217 speretis?

158 1237 320 1276 Verum
351 1236 383 1277 si
416 1235 624 1291 replicetis
643 1236 836 1278 historias
858 1249 1024 1288 vestrim,
1054 1239 1286 1289 invenietis,
1316 1256 1406 1279 non
1439 1239 1580 1280 solum

160 1312 466 1370 Aegyptiorum
487 1314 724 1354 sacerdotes
748 1325 788 1354 et
817 1314 1116 1370 hierophantas
1146 1333 1245 1357 usos
1278 1332 1363 1357 esse
1394 1315 1579 1356 circum-

162 1389 341 1437 cisione,
381 1390 454 1429 sed
487 1400 527 1430 et
558 1389 801 1446 Arabes,4)
835 1403 875 1431 et
905 1391 1154 1447 Aethiopes,
1173 1392 1217 1447 5)
1259 1404 1300 1433 et
1327 1393 1581 1442 Phoenices,

159 1465 374 1521 aliosque,
407 1483 592 1521 quorum
610 1466 654 1519 6)
692 1466 828 1507 studia
861 1483 953 1520 erga
984 1468 1281 1525 hujuscemodi
1312 1470 1578 1525 superstitio-

157 1559 232 1583 nes
261 1542 451 1583 nobilius
480 1542 660 1594 viguere.
721 1544 835 1584 Hacc
875 1544 1134 1585 sufficienter
1165 1545 1274 1586 dicta
1314 1546 1397 1587 sint
1429 1549 1579 1588 adver-

160 1637 254 1661 sum
287 1619 490 1670 Gentiles,
522 1619 674 1673 quibus
706 1621 758 1660 de
779 1620 878 1672 legis
898 1632 1068 1662 nostrae
1086 1623 1291 1680 mysteriis
1309 1623 1581 1678 loquendum

157 1695 339 1752 apertius
370 1713 460 1736 non
493 1707 591 1737 erat.
650 1697 776 1737 Nunc
815 1696 900 1754 jam
939 1699 1064 1740 nobis
1104 1701 1158 1740 ad
1199 1716 1269 1741 eos
1300 1717 1443 1741 sermo
1476 1701 1578 1742 diri—

156 1786 297 1828 gatur,
330 1773 401 1829 qui
435 1772 602 1814 Christo
636 1773 807 1829 quidem
840 1773 1039 1823 credunt,
1074 1773 1149 1813 sed
1180 1773 1317 1829 legem
1346 1794 1440 1818 non
1470 1777 1577 1819 reci-

154 1851 280 1907 piunt
323 1863 364 1891 et
402 1852 642 1906 prophetas.
718 1850 930 1892 Fatemini
975 1850 1064 1892 sine
1114 1850 1246 1895 dubio
1289 1843 1439 1895 verum
1480 1857 1580 1906 esse,

159 1929 277 1984 quod
323 1927 527 1984 scriptum
567 1940 627 1968 est
670 1927 714 1968 in
754 1927 931 1983 epistola
969 1927 1106 1970 Petri:
1154 1931 1352 1988 ‚‚quia⁷)
1399 1934 1580 1974 redemti

158 2023 301 2047 sumus
330 2022 421 2046 non
441 2004 707 2060 corruptibili
727 2005 864 2060 pretio
896 2006 1056 2058 argenti
1088 2018 1127 2047 et
1157 2007 1260 2057 auri,
1291 2010 1365 2050 sed
1386 2009 1578 2065 Jpretioso

157 2081 392 2134 sanguine“
431 2080 659 2133 Unigeniti.
719 2082 765 2123 Si
806 2098 903 2134 ergo
945 2082 1117 2137 „pretio
1150 2084 1285 2125 emti“
1323 2103 1491 2137 sumus,
1531 2101 1580 2130 ut

279 2207 321 2260 ¹)
354 2207 465 2248 Edd.
483 2207 630 2247 Mertz
665 2207 826 2249 Omnes
847 2206 1157 2263 hierophantes,
1182 2226 1331 2252 omnes
1350 2227 1395 2254 va
1408 2224 1479 2264 tes,
1503 2227 1580 2257 etc.

274 2276 320 2332 2)
348 2277 460 2317 Edd.
491 2276 685 2318 Merlini:
720 2289 759 2318 et
788 2278 831 2318 in
861 2278 986 2319 tantis
1017 2290 1094 2320 etc.

274 2347 321 2400 3)
353 2345 434 2388 Sic.
465 2347 567 2388 BIss.
627 2347 743 2387 Editi
773 2365 872 2388 vero
905 2347 961 2399 (e.
984 2365 1015 2389 e.
1034 2350 1129 2389 edd.
1150 2349 1260 2405 M.):
1291 2367 1373 2400 „ne
1406 2369 1500 2394 cum
1530 2371 1577 2396 ea

159 2403 250 2460 (ed.
279 2403 330 2443 R.
362 2403 510 2444 habet:
544 2403 622 2459 eo)
654 2416 801 2444 cuncta
833 2404 990 2460 pariter
1020 2407 1320 2449 sub1·uantur.“
1353 2409 1406 2450 R..

275 2472 320 2528 ⁴)
353 2474 440 2513 Ed.
468 2473 528 2515 M.
559 2475 603 2522 I.‚
633 2474 820 2529 itemque
852 2476 915 2516 ed.
945 2475 1103 2516 Ruaei:
1137 2477 1309 2520 Arabas.

278 2542 322 2598 5)
353 2543 434 2583 Ed.
464 2543 514 2583 R.
549 2542 660 2583 sola:
694 2554 734 2583 et
764 2544 1006 2601 Aethiopas.

275 2611 321 2667 6)
352 2611 468 2652 Editi
509 2612 568 2667 (e.
600 2629 633 2653 c.
668 2614 732 2653 ed.
763 2615 824 2657 ⁷M.
856 2615 953 2668 ΙΙ.);
1000 2633 1222 2671 „quorum
1263 2617 1400 2658 studia
1447 2619 1576 2671 gratia

160 2666 453 2723 hujuscemodi
473 2668 781 2723 superstitionis
800 2671 985 2711 nobilius
1010 2673 1187 2725 vigent.“
1218 2674 1268 2714 R.
1289 2699 1341 2705 —
1359 2675 1441 2715 Ed.
1458 2676 1519 2716 M.
1537 2678 1576 2717 I:

159 2739 371 2786 z,quorum
401 2724 539 2765 studia
568 2724 696 2778 gratia
729 2726 1023 2783 hujuscemodi
1055 2729 1363 2785 superstitionis
1389 2732 1576 2773 nobilius

161 2784 326 2834 lungef‘

278 2847 322 2901 ⁷)
353 2848 370 2887 1
401 2849 514 2891 Pctr.
546 2851 579 2898 1,
609 2851 674 2894 18.
707 2853 770 2895 19.
