1788 3111
201 108 288 152 288
542 104 768 147 Ome-‚ems
795 113 845 146 m
871 102 950 144 Er.
979 112 1039 144 An
1070 101 1297 146 Rommos

201 220 337 262 modo
368 218 512 261 laedat
538 217 784 274 proximum
813 233 963 266 suum,
1004 217 1106 257 dum
1135 230 1306 272 semper
1342 214 1532 258 nocendi
1563 231 1631 258 ar·-

200 308 261 339 tes
290 295 480 351 requirit,
508 311 732 351 nunquam
762 309 882 334 mens
912 290 1001 350 ejus
1026 293 1070 334 in
1099 308 1207 348 pace
1238 291 1439 334 consistit.
1493 291 1629 347 Quod

200 374 234 416 si
263 372 455 430 requiras
494 388 517 413 a
554 388 636 422 me,
668 371 893 427 quomodo
931 369 1063 427 justus
1091 380 1231 426 potest
1265 369 1426 411 habere
1461 385 1630 424 pacem,

203 451 279 507 qui
305 449 581 505 impugnatur
618 466 642 491 a
672 448 874 497 diabolo,
913 446 987 503 qui
1014 447 1297 488 tentationum
1327 447 1442 488 bella
1466 458 1629 489 susten-

199 539 272 577 tat,
303 542 380 580 ego
421 526 565 583 ipsum
602 525 733 578 magis
762 540 891 580 supra
926 539 1075 565 omnes
1105 534 1292 565 caeteros
1322 523 1482 564 habere
1512 524 1629 564 dixe·-

200 605 282 647 rim
312 621 476 662 pacem.
533 603 645 645 Vide
689 601 802 643 enim
842 599 941 654 et¹)
972 601 1207 656 Apostolus
1237 616 1366 655 quam
1399 601 1630 642 observan-

199 695 265 724 ter
293 683 464 725 scribat.
506 681 611 723 Non
638 678 762 721 dixit:
786 675 1024 736 „justificati
1041 676 1087 731 ²)
1120 676 1246 728 igitur
1274 692 1322 716 ex
1350 677 1448 725 fide,
1472 691 1626 731 pacem

200 760 472 808 habeamus,“
511 769 550 799 et
582 756 717 799 siluit:
750 756 824 798 sed
857 753 1068 812 adjungit:
1096 769 1274 810 „pacem
1308 753 1541 794 habeamus
1570 753 1627 794 ad

198 837 343 878 Deum
359 841 394 877 :“
415 835 561 884 sciens,
591 833 690 889 quia
714 833 876 874 bellum
896 842 1046 872 contra
1077 831 1298 872 diabolum
1319 847 1469 886 pacem
1501 845 1629 886 prae-

198 912 338 970 stat3)
369 914 421 955 ad
452 912 609 962 Deum,
646 922 686 952 et
714 922 818 951 tunc
842 908 972 960 magis
996 907 1041 949 in
1066 924 1219 964 pacem
1242 906 1326 949 Dei
1355 907 1561 958 venimus,
1576 906 1624 964 ⁴)

199 992 375 1048 quando
419 991 642 1032 adversum
683 987 908 1029 diabolum
947 984 1206 1042 persistimus
1225 983 1271 1041 ⁵)
1308 985 1533 1041 impacati,
1583 996 1624 1027 et

196 1070 371 1125 quando
394 1069 617 1110 adversum
639 1065 772 1108 carnis
787 1063 885 1106 vitia
904 1057 1171 1104 dimicamus.
1210 1062 1412 1118 Denique
1433 1073 1473 1103 et
1494 1062 1625 1104 Jaco-

193 1147 274 1187 bus
294 1146 526 1201 Apostolus
546 1144 603 1185 ita
627 1142 749 1184 dicit:
780 1140 979 1192 „resistite
994 1139 1039 1193 6)
1072 1139 1264 1188 diabolo,
1287 1151 1325 1180 et
1347 1140 1478 1191 fugiet
1500 1157 1521 1181 a
1545 1156 1624 1181 vo-

192 1222 278 1264 bis:
301 1221 647 1278 appropinquate
664 1219 778 1267 Deo,
800 1228 839 1258 et
859 1214 1229 1273 appropinquabit
1247 1215 1404 1258 vobis.“
1437 1216 1566 1258 Vides
1583 1228 1624 1258 et

191 1300 333 1356 ipsum
364 1300 422 1339 ita
451 1297 638 1347 sensisse,
667 1296 786 1352 quod
802 1304 906 1334 tunc
933 1291 1275 1348 appropietur7)
1306 1292 1418 1342 Deo,
1448 1294 1623 1348 quando

189 1375 395 1419 resistitur
423 1374 613 1417 diabolo.
656 1370 901 1427 ‚,Pacem⁸)
931 1369 1092 1424 erg09)
1121 1370 1353 1411 habeamus
1384 1371 1439 1412 ad
1476 1370 1624 1413 Deum

189 1470 270 1510 per
309 1451 552 1494 Dominum
592 1462 787 1492 nostrum
826 1449 974 1490 Jesum
1016 1446 1273 1488 Christum.“
1337 1447 1396 1489 Et
1433 1447 1622 1490 addidit:

188 1530 382 1587 ‚,per¹⁰)
424 1546 551 1586 quem
596 1539 637 1571 et
681 1544 895 1569 accessum
933 1525 1142 1567 habemus
1179 1523 1224 1565 in
1266 1525 1440 1576 gratiam
1485 1526 1623 1575 istam,

185 1610 233 1651 in
264 1625 347 1664 qua
389 1611 587 1650 stamus.“
667 1604 906 1661 Quomodo
948 1619 1161 1645 accessum
1205 1602 1412 1645 habemus
1442 1605 1497 1645 ad
1527 1619 1621 1655 gra-

185 1686 287 1727 tiam
325 1702 404 1743 per
431 1684 675 1726 Dominum
713 1692 910 1724 nostrum
947 1681 1095 1722 Jesum
1137 1678 1374 1730 Christum,
1404 1679 1495 1737 ipse
1523 1681 1620 1722 Sal-

185 1775 308 1805 vator
338 1762 459 1805 dicit:
492 1759 702 1816 ,‚Eg0¹¹)
741 1776 836 1802 sum
875 1758 1029 1800 ostium
1046 1761 1084 1797 :“
1123 1768 1182 1797 et:
1220 1756 1466 1811 „nemo¹²)
1506 1756 1619 1798 venit

186 1842 241 1882 ad
265 1840 448 1890 Patrem,
477 1838 557 1880 nisi
586 1854 664 1894 per
693 1841 802 1878 me.“
846 1834 931 1876 Per
952 1834 1091 1889 ipsum
1123 1848 1236 1884 ergo,
1267 1832 1427 1889 qui¹3)
1461 1833 1616 1875 ostium

185 1929 258 1968 est,
289 1934 503 1959 accessum
533 1917 740 1958 habemus
784 1913 838 1954 ad
868 1910 1056 1966 gratiam.
1115 1910 1202 1952 Sed
1231 1910 1463 1961 videamus,
1491 1911 1617 1967 quale

307 2050 349 2106 ¹)
380 2049 662 2092 Desideratur
691 2052 782 2099 „et“
809 2047 855 2089 in
886 2047 982 2088 edd.
1010 2044 1073 2086 M.
1192 2043 1239 2098 ²)
1269 2043 1396 2087 Rom.
1425 2043 1477 2094 V,
1512 2045 1550 2086 1.

300 2121 347 2174 ³)
382 2121 453 2162 Sic
486 2135 633 2162 omnes
662 2117 762 2161 Mss.
790 2118 938 2161 nostri.
963 2115 1080 2160 Editi
1101 2130 1199 2156 vero
1223 2114 1284 2171 (v.
1316 2130 1349 2156 c.
1381 2114 1478 2157 edd.
1506 2113 1614 2172 M.):

182 2183 384 2233 „patrat.“
416 2177 466 2219 R.

298 2247 344 2302 ⁴²)
376 2247 486 2289 Edd.
520 2245 715 2289 Merlini:
747 2242 1040 2302 appropietur.

298 2319 344 2373 ⁵)
375 2318 489 2360 Alias
528 2317 587 2372 (v,
628 2334 662 2358 c.
702 2315 749 2357 in
791 2316 886 2357 edd.
927 2312 1035 2369 M.):
1078 2322 1254 2365 „contra
1291 2312 1515 2367 peccata,“
1558 2312 1611 2353 al.

178 2372 247 2426 „in
278 2375 502 2430 peccatis.“
532 2374 658 2414 Male.
688 2372 741 2413 R.

297 2444 344 2499 ⁶)
377 2445 531 2486 Jacob.
562 2443 635 2493 IV,
669 2443 708 2486 7.
737 2443 779 2486 8.
870 2440 916 2497 ⁷)
946 2439 1058 2481 Edd.
1089 2437 1285 2480 Mcrlini:
1317 2436 1608 2493 appropietur.

293 2513 341 2568 8)
373 2514 500 2555 Rom.
530 2513 580 2563 V,
611 2516 650 2557 1.

296 2584 341 2683 Ξ)
372 2585 483 2626 Edd.
524 2582 719 2624 Merlini:
772 2581 1002 2622 habeamus
1046 2594 1159 2632 ergo.
1200 2603 1252 2611 -—
1293 2576 1385 2618 Cfr.
1428 2593 1469 2633 p.
1510 2576 1607 2621 287.

180 2653 269 2683 not.
329 2675 337 2684 .

266 2712 339 2768 ¹⁰)
375 2712 501 2753 Rom.
531 2711 583 2761 V,
612 2712 652 2753 2.

267 2782 337 2835 ¹¹)
369 2782 443 2822 Ev.
474 2781 630 2822 Joann.
661 2779 718 2830 X,
749 2778 787 2821 9.
909 2776 980 2831 ¹²)
1012 2775 1084 2815 Ev.
1116 2773 1275 2815 Joan‘n.
1305 2773 1423 2822 XIV,
1452 2773 1492 2816 6.

266 2851 336 2907 ¹³)
369 2852 479 2895 Alias
509 2852 570 2908 (V.
603 2866 637 2891 c.
668 2849 712 2892 in
744 2849 839 2892 edd.
872 2847 976 2903 M.):
1009 2845 1134 2903 „quia
1166 2844 1321 2886 ostium
1353 2848 1449 2886 est.“
1481 2843 1529 2884 R.
