1788 3111
527 134 967 178 COMMENTAmonUm
993 133 1084 175 Lm.
1113 131 1145 173 I.
1483 132 1541 175 25

136 250 250 307 quod
281 250 334 291 de
362 247 522 291 semine
548 246 690 289 David
719 245 976 302 nascitur‚¹)
1003 245 1239 288 secundum
1269 260 1439 286 carnem
1471 256 1541 296 est,

131 329 252 383 quod
282 343 380 367 vero
413 325 457 366 in
488 324 636 365 virtute
666 323 898 366 destinatur
920 324 1156 365 secundum
1175 321 1369 376 spiritum
1387 320 1543 363 sancti-

130 403 354 453 ficationis,
399 401 592 455 Filius2)
622 401 707 442 Dei
739 412 778 441 et
804 400 847 441 in
867 399 1096 441 substantia
1114 397 1198 439 Dei
1220 409 1289 447 est,
1317 399 1539 454 quomodo

131 480 426 535 accipiendum
469 490 527 520 est
565 480 619 519 de
661 478 801 519 anima
839 476 963 525 Jesu,
1013 491 1121 531 quae
1163 476 1231 517 hie
1269 491 1542 530 nequaquam

133 574 230 598 cum
264 572 411 606 carne,
444 566 483 596 et
512 554 660 610 spiritu
690 552 1052 601 sanctificationis,
1092 554 1156 593 vel
1187 550 1353 592 divinae
1379 549 1540 591 virtutis

131 632 358 674 substantia
396 630 663 672 nominatur:
706 632 758 671 de
800 646 881 685 qua
922 629 1023 671 alibi
1062 629 1152 684 ipse
1192 627 1386 668 Salvator
1426 627 1541 676 dicit,

133 710 232 765 quia
271 707 480 762 ‚,tristis³)
511 718 569 748 est
599 705 738 749 anima
769 694 863 747 zuea
892 722 1025 762 usque
1055 707 1109 746 ad
1139 709 1378 746 mortem:“
1419 715 1476 744 et:
1495 702 1541 759 ⁴²)

128 784 330 838 ,‚nune⁵)
360 785 501 826 anima
537 800 632 825 mea
662 785 831 824 turbata
861 789 978 825 est:“
1009 799 1138 839 quam
1170 792 1208 822 et
1237 797 1260 822 a
1289 792 1419 823 semet
1446 781 1539 837 ipso

129 861 285 916 posuit,
314 860 401 902 imo
418 861 463 916 6)
493 877 603 917 quae
632 876 764 916 usque
795 862 849 901 ad
877 860 1092 901 infernum
1114 857 1341 906 descendit,
1375 859 1427 899 de
1458 874 1542 913 qua

133 949 172 979 et
203 938 375 979 dicitur:
407 955 524 989 „non
542 936 586 994 ⁷)
617 937 881 992 derelinques
910 936 1094 977 animam
1114 951 1253 976 meam
1270 934 1313 975 in
1334 934 1544 975 inferno.“

134 1014 307 1056 Certum
340 1025 399 1056 est
429 1014 562 1063 enim,
593 1013 690 1072 quia
720 1015 825 1055 haec
853 1031 945 1055 non
975 1014 1029 1054 de
1055 1012 1217 1054 semine
1244 1011 1385 1053 David
1418 1027 1545 1063 gene-

130 1102 220 1132 rata
247 1091 308 1133 sit.
365 1091 483 1133 Dicit
512 1091 647 1140 enim,
687 1091 785 1146 quia
816 1091 935 1146 quod
962 1092 1122 1131 factum
1153 1088 1267 1145 est3)
1309 1105 1355 1129 ex
1384 1090 1544 1131 semine

132 1167 292 1219 David,
329 1170 566 1211 secundum
605 1185 776 1210 carnem
816 1179 886 1210 est.
947 1167 1059 1221 Quia
1098 1182 1196 1218 ergo
1233 1182 1374 1222 neque
1401 1165 1446 1206 in
1477 1183 1544 1216 eo,

133 1246 253 1299 quod
281 1247 515 1286 secundum
533 1262 703 1287 carnem
736 1256 809 1295 est,
833 1245 1000 1286 videtur
1029 1243 1314 1292 annumerari,
1341 1259 1480 1298 neque
1497 1244 1543 1299 9)

132 1321 178 1363 in
210 1338 281 1371 eo,
321 1322 396 1364 ubi
427 1321 745 1376 destinatur10)
778 1321 911 1363 Filius
940 1321 1026 1363 Dei
1053 1323 1099 1362 in
1129 1320 1279 1361 virtute
1307 1322 1543 1362 secundum

130 1398 324 1454 spiritum
352 1398 707 1447 sanctificationis,
733 1409 840 1453 puto
863 1399 981 1453 quod
1004 1398 1308 1438 consuetudine
1327 1414 1402 1438 sua
1422 1400 1544 1453 Apo-

131 1475 263 1516 stolus
290 1485 430 1515 utatur
452 1475 574 1516 etiam
598 1475 642 1515 in
665 1475 748 1515 hoc
769 1475 882 1524 loco,
911 1473 1044 1515 sciens
1064 1473 1247 1515 mediam
1270 1489 1438 1529 semper
1459 1490 1544 1516 esse

133 1551 318 1591 animam
348 1551 458 1592 inter
484 1551 678 1606 spiritum
711 1563 748 1592 et
779 1567 962 1600 carnem,
994 1562 1033 1591 et
1061 1561 1132 1590 aut
1158 1548 1332 1606 jungere
1353 1566 1397 1591 se
1414 1551 1544 1601 carni,

132 1636 172 1666 et
189 1627 297 1667 effici
312 1644 446 1668 unum
463 1645 560 1669 cum
577 1644 716 1677 carne,
734 1638 805 1668 aut
819 1626 983 1668 sociare
1000 1642 1044 1668 se
1061 1626 1240 1681 spiritui,
1257 1638 1298 1668 et
1311 1642 1396 1667 esse
1407 1644 1542 1668 unum

134 1719 230 1743 cum
247 1703 414 1758 spiritu:
446 1720 492 1745 ex
514 1720 614 1759 quo,
642 1704 850 1759 siquidem
880 1720 978 1744 cum
1010 1718 1136 1744 carne
1163 1703 1226 1752 sit,
1257 1703 1443 1744 carnales
1463 1703 1544 1743 ho-

132 1778 266 1820 mines
283 1780 403 1832 fiant3
418 1781 452 1822 si
468 1796 566 1822 vero
588 1798 683 1822 cum
694 1780 857 1836 spiritu,
867 1779 1113 1836 spirituales.
1134 1779 1191 1820 Et
1209 1779 1369 1821 idcirco
1391 1781 1544 1821 extrin-

129 1871 248 1896 secus
272 1872 362 1897 eam
381 1874 471 1898 non
490 1858 697 1908 nominat,
725 1860 798 1900 sed
831 1874 999 1899 carnem
1031 1868 1208 1906 tantum,
1237 1857 1302 1897 vel
1330 1856 1542 1912 spiritum:

128 1931 206 1974 scit
222 1932 333 1973 enim
352 1934 470 1975 alteri
486 1933 643 1976 horum
664 1934 898 1977 necessario
914 1933 1098 1975 animam
1121 1933 1362 1986 cohaerere,
1372 1934 1480 1976 sicut
1503 1945 1544 1976 et

252 2069 297 2126 1)
326 2071 456 2114 Deest
483 2073 527 2115 in
559 2087 681 2116 antea
711 2074 828 2116 editis
857 2072 915 2130 (e.
947 2091 979 2115 c.
1009 2073 1054 2114 in
1085 2074 1179 2114 edd.
1209 2072 1307 2127 M.)
1335 2073 1386 2115 R.
1425 2110 1432 2116 .

247 2140 297 2193 2)
327 2141 425 2183 Mss.
456 2144 619 2197 plures:
648 2144 782 2186 Filius
811 2144 896 2185 Dei
927 2155 966 2184 et
993 2143 1224 2185 substantia
1252 2142 1336 2183 Dei
1365 2155 1434 2185 est.
1466 2143 1517 2186 R.

252 2209 300 2264 3)
330 2211 478 2252 Matth.
508 2213 668 2262 XXVI,
696 2213 764 2256 38.

251 2278 297 2336 4)
327 2279 406 2322 Ed.
436 2280 496 2324 M.
518 2282 568 2322 ΙΙ.
599 2283 737 2324 minus
767 2295 900 2326 recte:
931 2293 971 2324 et
997 2299 1128 2333 nunc,
1157 2281 1313 2324 Anima
1340 2299 1435 2325 mea
1467 2295 1542 2326 etc.

250 2349 294 2405 ⁵)
324 2350 398 2391 Ev.
421 2351 577 2393 Joann.
606 2352 703 2401 XII,
731 2354 799 2396 27.

248 2419 297 2473 ⁶)
324 2420 439 2462 Editi
469 2421 528 2476 (e.
546 2424 688 2463 medd.
708 2422 807 2477 Μ),
839 2434 878 2463 et
896 2422 1002 2463 Msc.
1032 2439 1160 2464 unus:
1191 2421 1304 2471 „imo
1325 2429 1434 2479 qua“
1464 2436 1540 2466 etc.

132 2474 220 2516 Sed
251 2477 402 2517 caeteri
431 2478 529 2520 Mss.
561 2490 599 2519 et
628 2478 846 2520 Rabanus:
877 2479 991 2527 „imo
1024 2483 1156 2534 quae“
1187 2491 1263 2519 etc.
1298 2478 1348 2520 R.

253 2545 297 2601 7)
329 2546 483 2588 Psalm.
513 2547 629 2597 XVI,
659 2550 725 2592 10.
756 2548 897 2604 (XV.)
1015 2549 1061 2604 8)
1091 2548 1215 2590 Rom.
1245 2548 1277 2598 I,
1305 2549 1346 2591 3.

249 2615 296 2669 ⁹)
326 2616 395 2657 Sic
426 2618 524 2658 Mss.
555 2629 594 2657 et
625 2618 849 2667 Rabanus,
892 2617 991 2658 editi
1027 2634 1126 2658 vero
1157 2618 1216 2673 (e.
1248 2635 1281 2658 c.
1313 2619 1408 2660 edd.
1437 2618 1542 2674 M.):

134 2686 298 2725 „neque
325 2673 370 2714 in
401 2689 465 2722 eo,
495 2673 570 2714 ubi
600 2673 827 2724 descendit,
857 2676 910 2714 de
936 2690 1017 2728 qua
1051 2674 1257 2714 dicitur:“
1287 2692 1436 2723 „„non
1468 2677 1543 2716 de-

133 2727 344 2781 relinques
385 2730 570 2770 animam
609 2746 747 2771 meam
788 2732 833 2770 in
867 2729 1109 2770 infern0.““
1177 2731 1447 2779 „Destinatur
1484 2758 1541 2768 -—

131 2784 482 2826 sanctificationis.
540 2785 652 2827 Puto
685 2787 803 2841 quod
835 2786 1165 2828 consuetudine“
1195 2798 1270 2829 etc.
1298 2786 1349 2828 R.

228 2851 301 2909 ιο)
333 2854 457 2896 Rom.
488 2855 522 2905 I,
550 2856 588 2898 4.
