1788 3111
226 132 283 175 44
564 131 786 176 Omesms
814 146 861 176 m
889 133 968 178 ΕΡ.
998 146 1058 178 An
1089 136 1313 178 Rommos

225 256 357 286 untur
388 255 427 286 et
457 244 576 296 aridi,
605 247 679 302 qui
711 247 912 289 dicuntur
943 247 1077 290 excidi
1104 265 1127 289 a
1148 247 1191 304 ¹)
1220 248 1360 299 Patre,
1389 261 1428 290 et
1446 249 1489 291 in
1507 250 1649 302 ignem

225 322 347 363 mitti.
407 322 527 364 Sicut
556 324 668 365 enim
702 325 866 380 primus
896 326 1117 381 homo,²)
1148 327 1303 375 Adam,
1333 326 1484 381 vitisss)
1520 344 1650 384 quae-

226 402 324 442 dam
357 401 455 450 fuit,
486 412 526 442 et
555 401 674 442 radix
704 402 880 443 humani
911 403 1094 453 generis,
1133 419 1242 458 quae
1272 404 1408 444 attulit
1438 406 1649 459 quosdam

163 512 168 517 .
224 478 395 533 quidem
426 477 619 533 palmites
648 481 910 529 fructuosos,
934 492 981 520 ut
1012 481 1135 530 Seth,
1165 481 1308 531 Enos,
1338 481 1580 537 Enoch‚4)
1611 493 1651 523 et

222 555 410 610 reliquos
440 572 574 611 usque
606 557 660 596 ad
689 556 938 606 Noachum,
977 556 1081 598 alios
1114 569 1253 598 autem
1290 558 1580 600 infructuosos
1611 569 1652 599 et

221 633 412 683 inutiles,
442 644 490 673 ut
522 632 651 683 Cain,
683 645 722 673 et
754 650 949 683 omnem,
979 650 1088 689 quae
1119 651 1165 674 ex
1195 634 1289 690 ipso
1321 647 1547 691 procreata
1579 647 1651 684 est,

220 713 413 767 stirpem:
444 711 499 752 ita
538 721 577 750 et
606 710 650 750 in
674 709 859 760 Christo,
889 710 961 765 qui
1000 722 1059 752 est
1086 711 1337 754 novissimus
1367 714 1521 762 Adam,
1551 723 1650 754 suut

224 789 397 845 quidam
427 789 618 843 palmites
648 787 870 837 fructuosi,
900 788 1014 828 velut
1042 787 1084 828 in
1109 787 1190 829 vite
1211 805 1309 831 vera
1334 790 1647 840 fructificantes,

221 867 395 922 quidam
438 882 537 906 vero
579 864 707 914 aridi,
750 877 789 905 et
819 883 840 905 a
879 865 1005 906 Patre
1044 865 1227 917 agricola
1269 867 1502 908 excidendi.
1560 867 1648 908 Sed

221 957 262 986 et
289 944 396 985 illud
428 943 743 984 observandum
773 954 842 991 est,
874 944 992 998 quod
1021 943 1223 994 singulari
1251 960 1433 986 numero
1458 946 1648 999 Aposto-

219 1023 285 1063 lus
309 1023 526 1062 bonorum
545 1019 742 1060 nominat
772 1022 1026 1070 „fructum“,
1055 1020 1161 1061 sicut
1185 1032 1225 1060 et
1243 1021 1368 1061 alibi:
1400 1022 1585 1070 „fructus
1600 1019 1646 1076 5)

219 1110 360 1141 autem
383 1098 563 1153 Spiritus
580 1096 625 1153 ⁶)
658 1109 716 1138 est
739 1098 900 1147 ean-itas,
930 1097 1146 1149 gaudium,
1175 1104 1316 1153 pax:“
1350 1115 1480 1154 opera
1502 1109 1645 1140 autem

219 1174 441 1231 carnis,⁷,)
488 1190 597 1230 quae
638 1176 889 1229 exprobrat,
931 1174 1150 1229 pluraliter
1189 1177 1365 1230 profert.
1435 1174 1571 1230 Quod
1611 1175 1646 1218 si

221 1255 314 1310 quis
347 1252 535 1309 objiciat,
565 1252 696 1301 illud,
729 1254 848 1306 quod
877 1252 920 1292 in
947 1251 1115 1292 Psalmo
1147 1252 1353 1308 scriptum
1385 1264 1462 1293 est:
1492 1252 1646 1301 „labo-

216 1348 281 1373 res
299 1330 345 1386 8)
377 1333 592 1371 fructuum
625 1341 801 1370 tuorum
835 1329 1172 1371 manducabis:“
1212 1347 1293 1385 pro
1324 1331 1444 1370 bono
1478 1341 1518 1370 et
1545 1330 1646 1384 plu-

214 1408 359 1450 raliter
396 1407 578 1447 dictum:
618 1406 840 1446 sciendum
873 1418 949 1456 est,
981 1407 1124 1461 quod,
1152 1407 1261 1448 sicut
1289 1406 1346 1456 is,
1375 1406 1448 1461 qui
1478 1421 1645 1457 marga-

213 1483 313 1525 ritas
356 1481 656 1533 negotiabatur
671 1481 717 1537 9)
756 1484 922 1538 plures,
965 1483 1183 1525 inveniens
1225 1500 1358 1524 unam
1399 1483 1644 1539 pretiosam,

214 1559 493 1616 vendidit¹⁰)
527 1577 690 1611 omnes,
717 1573 757 1602 et
788 1561 886 1603 emit
914 1561 1033 1602 illam
1061 1578 1208 1612 unam,
1237 1561 1297 1603 ita
1329 1561 1421 1617 quis
1453 1578 1476 1602 a
1505 1560 1644 1616 pluri-

211 1640 292 1680 bus
315 1638 521 1679 fructibus
543 1638 763 1693 incipiens,
797 1640 849 1679 ad
873 1655 1009 1679 unum
1026 1638 1300 1694 perfectionis
1321 1640 1498 1680 tendere
1516 1638 1643 1678 debet

211 1718 412 1758 fructum.
487 1715 812 1770 Requirendum
853 1732 970 1755 nunc
1013 1726 1093 1764 est,
1140 1716 1365 1770 quomOdo
1407 1715 1641 1770 Apostolus

213 1792 386 1835 Graecis
417 1804 456 1833 et
485 1792 690 1843 barbaris,
717 1793 977 1848 sapientibus
1003 1803 1042 1833 et
1061 1791 1356 1847 insipientibus
1376 1792 1548 1833 debitor
1565 1791 1575 1814 ¹
1594 1791 1638 1847 ¹)

212 1882 282 1918 est.
325 1869 446 1925 Quid
477 1869 589 1910 enim
621 1871 674 1910 ab
704 1869 801 1925 ipsis
827 1881 1062 1925 acceperat,
1091 1870 1208 1911 unde
1237 1868 1286 1910 iis
1307 1868 1478 1910 debitor
1492 1867 1641 1911 ficret?

262 1995 266 1998 ’
329 2005 372 2061 ¹)
404 2006 572 2047 Desunt
608 2005 734 2045 verba
772 2021 830 2053 „a
860 2003 1020 2045 Pat1·e“
1062 2004 1108 2045 in
1151 2003 1271 2045 editis
1308 2005 1367 2060 (e.
1400 2021 1432 2045 c.
1461 2003 1507 2044 in
1538 2005 1634 2046 cdd.

208 2063 308 2120 M.)
333 2063 384 2103 R.
417 2088 468 2094 --
503 2062 590 2103 Cfr.
621 2078 679 2102 ev,
710 2061 868 2102 Joann.
899 2061 995 2110 XV,
1025 2060 1064 2103 6.

325 2133 371 2189 ²)
402 2133 531 2174 Deest
560 2132 749 2182 „homo“
783 2132 828 2173 in
859 2133 952 2174 edd.
983 2131 1171 2173 Merlini.

325 2203 371 2259 ³)
403 2204 514 2244 Edd.
546 2203 738 2244 Merlini:
771 2205 982 2259 quaedam
1014 2202 1104 2244 vitis
1135 2202 1226 2243 fuit.

326 2271 371 2329 4)
402 2273 452 2314 In
473 2272 592 2314 editis
622 2274 680 2328 (e.
701 2290 733 2315 c,
751 2274 795 2314 in
814 2275 908 2316 edd.
923 2272 1010 2329 M.)
1041 2273 1248 2323 „Enocl1“
1276 2272 1549 2315 desideratur.
1581 2273 1632 2316 R.

324 2344 370 2399 ⁵)
403 2344 497 2384 Gal.
527 2344 578 2392 V,
607 2344 674 2385 22.

325 2414 371 2460 5)
402 2415 511 2456 Edd.
543 2414 735 2455 Merlini:
768 2417 927 2456 fructus
952 2439 1002 2445 —-
1023 2415 1192 2470 spiritus
1223 2415 1439 2467 gaudium,
1472 2415 1633 2466 caritas,

208 2483 248 2514 et
275 2488 369 2528 pax.

325 2541 369 2591 ⁷)
402 2541 532 2583 Deest
559 2541 748 2591 ,‚carnis“
776 2540 820 2581 in
852 2542 944 2581 cdd.
976 2540 1037 2580 M.
1071 2566 1122 2573 —
1157 2540 1242 2584 Cfr.
1277 2540 1413 2582 Galat.
1445 2542 1496 2591 V,
1526 2542 1590 2584 19.

323 2609 369 2666 3)
400 2612 552 2653 Psalm.
586 2610 824 2660 CXXVIII,
853 2613 892 2653 2.
922 2610 1195 2668 (CXXVII.)

323 2683 367 2738 9)
398 2681 514 2723 Editi
543 2682 599 2737 (e.
624 2699 657 2723 c.
683 2683 777 2724 edd.
803 2681 911 2738 M.):
942 2682 1243 2734 „negotiatur.“
1277 2706 1328 2713 -—
1362 2682 1449 2726 Csr.
1481 2682 1631 2723 Matth.

207 2740 324 2790 XHI,
353 2740 419 2781 45.
451 2739 517 2781 46.

300 2808 371 2865 ¹⁰)
403 2809 508 2852 Msc.
539 2826 669 2851 unus:
700 2808 902 2859 „venditis
934 2809 1133 2852 omnibus
1166 2809 1289 2852 cmit“
1321 2821 1395 2852 etc.
1431 2810 1477 2851 R.

298 2879 370 2935 ¹¹)
401 2878 525 2921 Rom.
559 2879 590 2929 l,
621 2879 685 2921 14,
