1788 3111
247 117 333 161 154
585 118 809 161 Omenms
838 131 885 161 m
914 117 994 160 ΕΡ.
1023 128 1083 160 An
1115 111 1341 161 RomAN'os

245 229 444 272 homines
473 241 513 272 et
546 242 704 287 quanta
735 231 800 271 vel
828 231 942 273 inter
970 231 1272 288 philosophos,
1301 233 1366 273 vel
1396 232 1507 274 inter
1536 245 1673 275 caete-

243 325 316 351 ros
346 308 556 350 barbaros
587 309 640 349 de
668 307 841 349 veritate
869 309 1003 352 locuti
1026 321 1136 360 sunt,
1167 321 1206 351 et
1225 310 1324 365 quia
1345 326 1442 351 cum
1461 310 1503 366 ¹)
1534 311 1671 351 multo

243 387 397 427 labore
425 387 559 428 multa
591 385 798 435 dicentes,
827 385 936 428 nihil
965 385 1293 441 invenerunt,²)
1330 386 1428 442 quia
1458 404 1550 428 non
1581 403 1672 428 cre-

245 463 459 511 diderunt,
490 474 718 519 antequam
741 475 1014 518 quaererent:
1045 465 1319 506 considerans
1341 464 1486 505 omnia
1518 481 1670 506 eorum

243 541 310 581 vel
340 540 464 590 dicta,
493 541 558 582 vel
587 540 756 596 scripta,
789 552 829 581 et
855 541 901 582 in
931 557 1098 583 excessu
1128 542 1280 583 mentis
1307 542 1494 590 effectus,
1523 541 1567 582 id
1600 552 1670 592 est,

242 630 419 674 stupore
449 617 588 659 cordis
620 618 843 667 attonitus,
872 620 991 674 quod
1023 619 1166 660 omnia
1198 620 1269 660 illa
1301 617 1666 674 philosophorum

245 695 485 745 volumina,
527 712 637 750 quae
673 696 897 751 splendida
927 707 966 737 et
995 697 1260 751 praefulgida
1291 695 1544 737 videbantur
1574 710 1670 735 ora-

241 772 362 814 tione
391 773 643 829 composita,
672 774 828 829 procul
860 790 882 814 a
904 772 1078 814 veritate
1110 773 1398 821 consisterent,
1427 771 1473 812 in
1504 787 1669 812 excessu

243 863 284 893 et
310 850 354 891 in
384 862 561 906 stupore
589 850 740 891 mentis
772 851 948 891 effectus
980 849 1085 890 dixi:
1123 848 1353 904 ‚,0nmis³)
1383 849 1518 890 homo
1548 865 1670 889 men-

242 930 362 971 dax.“
419 927 512 979 Ego
544 943 661 978 vero,
691 927 760 968 cui
790 927 896 968 haec
930 928 1173 968 ostenderat
1201 926 1332 975 Deus,
1361 927 1548 977 ingratus
1578 942 1668 966 non

239 1007 314 1056 sui,
343 1007 417 1048 sed
449 1005 626 1057 cogitavi
659 1016 698 1045 et
728 1005 910 1061 quaesivi
932 1005 1048 1059 apud
1079 1015 1236 1043 memet
1264 1002 1419 1058 ipsum,
1451 1002 1553 1058 quid
1584 1018 1665 1058 pro

241 1085 347 1136 hoc,
389 1085 507 1139 quod
544 1082 652 1123 mihi
682 1082 898 1123 Dominus
927 1079 1188 1136 praestitit4)
1227 1080 1446 1122 scientiam
1477 1079 1671 1128 veritatis,

239 1161 438 1204 Domino
470 1161 752 1216 rependerem
783 1158 993 1199 muneris:
1031 1157 1217 1198 intellexi
1245 1169 1412 1207 tamen,
1443 1158 1562 1212 quod
1593 1174 1669 1197 na-

240 1251 337 1282 tura
376 1238 449 1279 illa
489 1249 684 1286 aeterna,
734 1248 773 1277 et
813 1234 1009 1276 omnium
1053 1234 1251 1283 domina,
1299 1235 1458 1275 nullius
1499 1233 1670 1284 indiget.

236 1317 390 1358 Unum
421 1331 520 1367 ergo
550 1313 695 1355 inveni
723 1313 879 1361 solum,
910 1313 1028 1367 quod
1050 1327 1120 1351 me
1142 1312 1299 1352 offerre
1321 1320 1539 1366 oporteret
1557 1309 1670 1358 Deo,

239 1393 286 1435 id
317 1404 388 1442 est,
417 1404 464 1433 ut
495 1393 715 1433 crederem
747 1392 800 1432 de
833 1406 904 1439 e0,
937 1390 1056 1444 quod
1086 1405 1310 1444 nunquam
1342 1388 1475 1444 possit
1504 1388 1557 1428 ab
1589 1387 1671 1428 ho-

240 1472 360 1513 mine
399 1469 562 1526 aliquid
603 1468 817 1524 accipere,
860 1469 934 1509 sed
970 1482 1139 1522 semper
1176 1467 1297 1517 dare3
1345 1477 1385 1506 et
1421 1464 1521 1506 ideo
1566 1464 1670 1505 dixi.

239 1546 507 1604 „calicem⁵)
545 1545 737 1590 salutaris
777 1545 1005 1601 accipiam:
997 1550 1039 1569 ·“
1078 1544 1191 1584 velut
1229 1544 1263 1585 si
1302 1545 1608 1599 responderem
1624 1541 1669 1597 ⁶)

243 1625 423 1668 dicenti:
445 1636 568 1681 potes
587 1624 790 1674 „calicem
806 1623 849 1679 ⁷)
870 1622 994 1664 b1be1
998 1639 1032 1672 e,
1053 1638 1180 1677 quem
1199 1637 1273 1672 ego
1295 1621 1505 1662 bibiturus
1522 1636 1634 1660 sum.
1626 1618 1669 1648 3'“

242 1715 281 1746 et
323 1703 532 1744 dicerem:
559 1700 606 1755 3)
646 1717 840 1757 possum,
879 1699 1086 1740 Domine.
1159 1697 1230 1739 Sic
1247 1695 1292 1751 ⁹)
1335 1713 1434 1749 eigo
1474 1695 1566 1753 ajo:
1597 1697 1668 1752 ¹⁰)

244 1780 419 1822 calicem
449 1777 656 1834 passionis
684 1789 782 1818 tuae
811 1776 994 1817 libenter
1015 1787 1054 1816 et
1076 1787 1164 1816 tota
1186 1776 1403 1816 voluntate
1423 1774 1672 1830 suscipiam;

244 1869 284 1900 et
311 1868 358 1899 ut
390 1856 531 1897 calicis
560 1855 642 1903 tui,
672 1854 717 1894 id
750 1865 819 1903 est,
848 1852 1054 1908 passionis
1086 1852 1261 1904 gratiam
1294 1853 1348 1892 ad
1374 1853 1504 1893 finem
1535 1868 1668 1907 usque

244 1951 514 1983 conservem,
555 1950 647 1974 non
676 1931 780 1974 meis
810 1931 968 1972 viribus
1001 1947 1134 1982 agam,
1163 1932 1238 1972 sed
1267 1946 1454 1980 „nomen
1472 1932 1479 1954 ¹
1498 1929 1541 1985 ¹)
1572 1930 1666 1970 Do—

240 2013 349 2055 mini
387 2012 613 2054 invocabo.
625 2015 650 2034 ‘⁴
719 2009 1001 2065 P1etiosa¹²)
1052 2021 1111 2050 est
1153 2008 1266 2049 enim
1307 2009 1423 2063 apud
1461 2018 1500 2048 tc
1539 2024 1669 2057 mors,

359 2152 403 2208 ¹)
433 2153 566 2194 Deest
595 2155 748 2201 „cum“
779 2150 823 2191 in
857 2150 952 2191 edd.
982 2149 1042 2190 Μ.

356 2223 403 2279 ²)
435 2223 544 2265 Edd.
576 2221 772 2262 Merlini:
804 2220 1053 2262 invenerint.

357 2294 403 2350 ³)
435 2293 591 2334 Psalm.
615 2291 770 2342 CXVI,
789 2292 853 2336 11.
875 2291 1058 2348 (CXV.)
1122 2291 1168 2347 4)
1189 2291 1298 2333 Edd.
1314 2290 1451 2332 Merla
1471 2301 1665 2345 praestat.

358 2363 403 2418 ⁵)
434 2363 590 2404 Psalm.
623 2361 777 2411 CXVI,
806 2363 871 2405 13.
901 2361 1085 2417 (CXV.)

357 2433 403 2488 ⁶)
433 2432 549 2474 Editi
580 2432 639 2488 (v.
673 2449 705 2472 c.
737 2433 832 2474 edd.
863 2431 969 2487 M.):
1001 2434 1346 2487 „respoudenet.“
1385 2432 1512 2471 Wlalc.
1545 2430 1590 2471 R

358 2504 403 2558 ⁷)
436 2502 584 2544 Matth.
613 2501 717 2550 XX,
746 2504 813 2544 22.

357 2574 403 2629 ⁵⁵)
435 2574 547 2614 Alias
578 2571 636 2627 (v,
669 2590 702 2612 c.
733 2571 775 2611 in
810 2573 909 2612 edd.
935 2570 1040 2625 M.):
1077 2573 1301 2619 „dicenetf‘
1338 2571 1463 2612 Malo.

358 2645 404 2699 9)
435 2644 515 2686 Ed.
548 2643 608 2683 M.
638 2642 669 2681 Ι.
699 2643 830 2683 male:
863 2641 910 2682 Si
942 2657 1040 2693 ergo
1074 2652 1149 2681 ete.

333 2716 404 2770 ¹⁰)
437 2715 550 2757 Alias
580 2713 638 2769 (v,
658 2729 690 2754 c.
717 2713 761 2753 in
783 2713 877 2754 cdd.
900 2711 1006 2767 M.:)
1037 2711 1146 2761 „ait“
1175 2719 1258 2768 'pro
1289 2711 1425 2769 „ajo.“
1454 2712 1582 2755 Male
1616 2713 1662 2753 R.

332 2786 402 2840 ¹¹)
436 2786 586 2828 Psalm.
620 2783 774 2834 CXVI,
803 2784 868 2827 13.
899 2781 1078 2837 (CXV.)

333 2855 403 2912 ¹²)
437 2856 591 2899 Psalm.
626 2854 780 2905 CXVI,
807 2857 870 2900 15.
900 2853 1082 2911 (CXV.)
