1788 3111
241 128 325 173 176
578 127 800 172 Omenms
829 142 874 172 m
903 130 982 171 ΕΡ.
1013 140 1073 172 An
1104 130 1330 174 ROMANos

241 258 289 283 ex
318 242 410 293 lege
437 242 652 299 suscepit?
709 243 839 286 Unde
869 253 1045 293 constat,
1077 255 1181 285 tunc
1209 244 1302 285 fieri
1333 244 1554 288 hominem
1583 249 1662 289 sub

239 321 352 371 lege,
396 322 570 376 quando
614 323 669 363 ad
706 321 753 363 id
786 322 926 364 aetatis
958 320 1140 370 venerit,
1179 331 1224 361 ut
1266 321 1418 374 eligere
1455 323 1588 379 possit
1627 336 1667 366 et

242 397 503 448 discerncre,
543 397 646 454 quid
675 397 727 439 sit
755 399 842 449 lex,
882 415 962 440 nec
991 397 1109 454 prius
1141 397 1240 450 legis
1270 398 1382 440 illius
1412 401 1667 444 extrinsecus

238 473 388 532 jugum
412 475 638 531 suscipere,
655 475 698 532 ¹)
731 491 858 530 quam
881 475 1073 517 internae
1092 486 1131 516 et
1158 475 1360 517 naturalis
1381 476 1482 528 legis
1508 478 1668 520 habere

240 551 420 608 incipiat
435 552 480 608 ²)
509 553 765 594 firmitatem.
823 553 1023 608 Denique
1052 552 1098 593 in
1130 568 1180 594 eo
1210 551 1396 609 loco,3)
1434 553 1510 594 ubi
1543 554 1666 596 dixit:

240 644 353 681 „ego
370 628 416 685 ⁴²)
458 636 599 671 autem
647 630 839 671 vivebam
884 629 975 671 sine
1013 631 1105 682 lege
1148 630 1438 686 aliquando“:
1482 629 1666 672 addidit:

242 708 350 757 „sed
386 706 464 748 ubi
500 706 615 748 venit
653 708 929 756 mandatum,
969 719 1193 763 peccatum
1231 706 1420 750 revixit.“
1486 707 1537 749 In
1577 723 1663 763 quo

240 784 388 840 hocss)
430 783 605 840 quidem
647 783 851 834 ostendit,
894 784 992 840 quia
1007 784 1052 841 6)
1091 785 1135 826 in
1175 783 1376 841 pueritia,
1414 783 1667 840 priusquam

243 861 542 904 discretionem
573 862 665 917 quis
700 862 856 903 habeat
883 861 991 903 boni
1022 874 1061 904 et
1090 863 1216 913 mali,
1243 861 1334 904 sine
1364 861 1454 913 lege
1485 877 1570 902 esse
1601 860 1666 902 di-

242 940 370 991 citur;
411 939 569 995 cum7)
608 939 734 980 etiam
775 939 810 981 si
850 951 1023 995 peccat,
1062 940 1161 995 quia
1196 940 1262 980 lex
1301 939 1346 980 in
1389 955 1440 979 eo
1470 954 1562 979 non
1594 945 1667 987 est,

239 1028 464 1074 peccatum
507 1016 546 1057 ei
584 1032 675 1058 non
713 1016 1021 1073 imputatur.⁸)
1083 1017 1192 1058 Cum
1223 1033 1324 1058 vero
1365 1015 1665 1058 discretionem

238 1094 348 1136 boni
377 1093 563 1149 malique
593 1092 825 1149 acceperit,
866 1093 1026 1136 venisse
1056 1094 1092 1136 ei
1124 1095 1277 1136 dicitur
1306 1095 1393 1144 lex,
1433 1105 1473 1133 et
1501 1093 1665 1135 dedisse

239 1173 454 1213 mandata.
511 1170 601 1211 Ubi
639 1182 780 1211 autem
818 1173 925 1212 inest
962 1171 1021 1214 vis
1058 1171 1270 1222 mandati,
1311 1172 1397 1212 hoc
1436 1182 1518 1219 est,
1558 1187 1664 1212 con-

237 1249 413 1292 scientia
442 1249 711 1300 redarguens,
742 1260 981 1302 peccatum,
1013 1250 1131 1304 quod
1151 1248 1269 1304 prius
1298 1248 1344 1289 in
1365 1264 1415 1289 eo
1441 1258 1662 1288 mortuum

239 1339 350 1377 erat,
386 1325 542 1367 dicitur
568 1324 768 1366 revixisse.
825 1325 890 1365 Ex
922 1325 1006 1366 hoc
1038 1340 1136 1377 ergo
1167 1324 1253 1382 jam
1284 1336 1480 1381 tempore
1508 1324 1543 1366 si
1573 1324 1666 1381 quis

235 1405 393 1445 subdat
419 1418 463 1444 se
490 1401 573 1453 legi
602 1401 755 1451 Mosis‚
793 1414 841 1443 ut
870 1419 963 1444 eam
994 1403 1232 1444 secundum
1262 1402 1427 1444 literam
1459 1402 1665 1451 observet,

238 1480 420 1522 efficitur
458 1478 504 1520 in
533 1478 756 1522 manifesto
774 1479 819 1535 9)
850 1480 1052 1522 Judacus.
1112 1480 1159 1522 Si
1183 1497 1284 1522 vero
1314 1481 1549 1523 secundum
1581 1478 1667 1535 spi-

235 1558 366 1599 ritum
398 1573 489 1598 eam
530 1567 753 1612 sequatur,
795 1558 976 1600 efficitur
1007 1558 1052 1599 in
1084 1559 1254 1600 occulto
1286 1558 1488 1599 Judaeus.
1545 1556 1664 1598 Haec

236 1652 318 1691 pro
343 1651 408 1684 eo,
434 1635 553 1689 quod
573 1633 732 1675 dictum
757 1645 834 1675 est:
865 1635 1048 1684 „causati
1067 1635 1076 1659 ¹
1092 1636 1138 1690 ⁰)
1160 1636 1273 1676 enim
1293 1651 1449 1683 sumus,
1472 1633 1662 1685 Judaeos

238 1724 278 1753 et
310 1711 498 1752 Graecos
530 1726 679 1752 omnes
716 1712 794 1752 sub
835 1723 1012 1767 peccato
1051 1716 1174 1754 esse.“
1233 1711 1406 1752 Scilicet
1442 1713 1665 1759 ,‚omnes“

234 1789 493 1840 intelligatur
523 1789 576 1828 de
603 1787 684 1828 illis
717 1788 900 1837 dictum,
944 1805 1051 1843 quos
1080 1789 1145 1830 vel
1173 1787 1378 1835 naturali,
1412 1786 1477 1826 vel
1506 1786 1663 1841 scripta

236 1867 350 1917 lege,
388 1881 444 1906 ne
478 1875 680 1921 peccent,
718 1875 882 1905 constat
914 1867 1099 1906 edoceri.
1157 1866 1269 1906 Nam
1300 1875 1339 1905 et
1369 1864 1421 1904 de
1453 1861 1661 1904 Gentibus

235 1945 314 1985 sub
345 1953 523 1999 peccato
562 1941 680 1983 factis
713 1943 865 1983 eodem
905 1944 1040 1983 modo
1077 1942 1369 1993 intelligimus,
1407 1955 1492 1995 quo
1532 1955 1662 1995 supra

237 2021 437 2062 diximus:
477 2036 576 2061 cum
607 2018 828 2075 coeperint
866 2017 1228 2074 naturaliter,¹¹)
1269 2034 1378 2075 quac
1415 2016 1514 2068 legis
1552 2027 1662 2066 sunt,

235 2100 391 2149 facere,
423 2110 463 2139 et
489 2097 572 2153 ipsi
594 2096 675 2139 sibi
705 2113 792 2139 esse
812 2098 890 2147 lex,
909 2108 1000 2138 tum
1024 2097 1337 2149 redarguuntur
1357 2112 1380 2136 a
1404 2092 1662 2137 conscientia

354 2237 397 2293 ¹)
429 2238 540 2278 Edd.
574 2235 775 2278 Merlini:
805 2238 1044 2294 susciperet.

350 2307 397 2364 2)
432 2309 546 2348 Alias
575 2308 633 2363 (e.
665 2324 700 2348 e.
731 2306 776 2348 in
809 2309 903 2349 edd.
934 2306 1040 2363 M,):
1072 2307 1341 2363 ,‚inciperet.“
1372 2306 1419 2346 R.

351 2376 398 2432 3)
431 2377 562 2418 Deest
591 2378 744 2424 ‚‚loco“
772 2376 817 2417 in
849 2379 943 2419 edd.
973 2378 1159 2420 Merlini.

351 2446 398 2500 4)
429 2446 555 2487 Rom.
586 2446 680 2496 VII,
709 2447 748 2489 9.

354 2517 399 2572 ⁵)
430 2517 540 2558 Edd.
571 2516 769 2557 Merlini:
801 2518 885 2558 hoc
917 2528 986 2565 est,
1017 2519 1136 2572 quod
1168 2516 1358 2559 ostendit.

353 2587 399 2643 ⁶)
432 2587 514 2628 Ed.
542 2586 602 2627 M.
634 2586 674 2626 I:
706 2586 804 2641 quia
836 2586 1047 2640 imperitia
1079 2599 1154 2627 etc.

354 2658 398 2712 ⁷)
428 2658 508 2698 Ed.
542 2655 603 2696 M.
632 2655 693 2697 II:
724 2655 890 2697 dicitur.
951 2656 1040 2711 Qui
1072 2657 1195 2698 etiarn
1228 2668 1303 2698 ete.

353 2728 400 2783 8)
430 2727 543 2769 Edd.
571 2725 768 2768 Merlini:
798 2726 1144 2782 ,‚imputabitur.“
1163 2743 1226 2758 ’--
1258 2725 1346 2768 Cfr.
1367 2725 1492 2768 Rom.
1519 2721 1569 2775 V,
1592 2725 1656 2769 13.

353 2798 400 2852 9)
428 2797 555 2839 Rom.
584 2797 638 2848 II,
664 2796 877 2841 28.—29.

329 2868 399 2924 ¹⁰)
431 2868 556 2911 Rom.
586 2867 661 2918 Ill,
688 2867 727 2909 9.
850 2867 922 2923 ¹¹)
952 2866 1078 2910 Rom.
1109 2866 1161 2918 ll,
1188 2868 1251 2912 14.
