1788 3111
506 123 947 166 COMMENTARJORUM
976 122 1068 166 Lm.
1098 122 1172 167 lv.
1463 127 1548 170 277

128 237 201 293 qui
230 236 418 278 dicebat:
449 235 597 288 „filioli
616 235 659 290 ¹)
686 235 793 286 mei,
836 252 943 292 quos
971 235 1125 279 iterum
1153 236 1370 294 parturio,
1407 239 1549 280 donee

125 315 338 355 formetur
368 313 557 355 Christus
594 312 640 354 in
668 311 826 354 vobis.“
883 312 938 353 Et
964 313 1023 355 sic
1041 313 1088 368 2)
1116 313 1208 370 ipse
1238 316 1291 356 de
1318 331 1362 356 sc
1390 315 1548 358 Domi-

126 407 206 432 nus
239 391 361 433 dicit:
393 389 552 446 „qui³)
591 388 737 430 fecerit
771 389 1032 431 voluntatem
1070 390 1207 432 Patris
1236 390 1343 440 mci,
1386 392 1458 447 qui
1500 391 1546 432 in

125 466 255 508 coelis
295 479 374 517 est,
412 467 502 523 ipse
539 482 657 507 meus
693 467 842 516 frater,
883 478 921 508 et
936 465 981 523 4)
1011 483 1156 518 soror,
1197 478 1236 509 et
1274 479 1412 509 mater
1448 472 1547 510 est.“

125 542 249 597 Quae
279 559 379 595 ergo
411 544 489 585 erit
516 554 652 584 mater
678 543 792 593 Jesn,
821 543 899 585 nisi
932 534 1049 600 eujus
1078 545 1201 585 vulva
1232 556 1425 586 emortua
1457 543 1548 586 est?

122 631 169 660 ut
196 620 251 660 ita
283 622 457 661 demum
486 619 693 675 parturiat
715 619 826 662 filios
854 621 1059 671 castitatis,
1086 621 1196 663 sicut
1225 632 1264 662 et
1292 621 1460 671 mulier,
1490 622 1543 662 de

122 713 205 751 qua
235 696 336 737 dicit
365 697 618 752 Apostolus:
648 696 845 752 „salva⁵)
878 710 1018 739 autem
1051 698 1130 739 erit
1154 714 1233 754 per
1254 697 1441 739 filiorum
1474 713 1542 749 ge-

119 772 407 822 nerationem,
444 773 480 815 si
516 772 797 828 permanserit
831 773 876 814 in
913 773 1000 815 fide
1045 785 1084 815 et
1124 775 1349 817 castitate.“
1412 775 1542 818 Unde

119 849 243 890 etiam
274 866 355 906 pro
383 849 445 890 his
478 849 781 891 convenienter
810 851 1001 891 additum
1031 862 1159 907 puto:
1202 864 1269 902 „et
1283 852 1328 899 ⁶)
1369 863 1539 908 reputa—

116 937 209 967 tum
250 938 308 967 est
338 927 374 968 ei
405 928 459 968 ad
488 924 728 984 justitiam.“
797 926 1035 981 Quomodo
1075 927 1189 969 enim
1216 946 1309 970 non
1339 931 1393 970 ad
1423 927 1541 986 justi-

117 1002 217 1045 tiam
249 1014 518 1059 reputaretur
548 1002 608 1054 ei,
656 1003 729 1059 qui
770 1021 861 1046 non
897 1006 1041 1047 solum
1084 1005 1130 1046 in
1159 1006 1273 1056 fide,
1318 1008 1393 1048 sed
1425 1017 1464 1047 et
1493 1006 1538 1047 in

121 1079 321 1121 omnibus
351 1080 572 1122 virtutibus
601 1081 910 1137 perfectionem
940 1080 1139 1124 tenebat?

227 1157 264 1198 7.
295 1157 482 1214 „Non⁷)
524 1169 582 1200 est
622 1169 763 1199 autem
799 1158 1004 1215 scriptum
1046 1171 1226 1216 propter
1262 1160 1400 1215 ipsum
1442 1170 1536 1201 tan—

114 1244 219 1282 tum,
249 1233 347 1288 quia
377 1245 619 1289 reputatum
659 1246 717 1277 est
748 1235 785 1277 ei
816 1237 870 1277 ad
900 1235 1122 1292 justitiam,
1163 1238 1238 1279 sed
1279 1249 1319 1278 et
1357 1248 1535 1293 propter

116 1326 209 1359 nos,
240 1309 393 1365 quibus
423 1311 690 1366 reputabitur
733 1313 1003 1355 credentibus
1030 1314 1076 1354 in
1111 1331 1230 1365 eum,
1264 1315 1336 1371 qui
1363 1314 1536 1357 suscita-

112 1387 170 1427 vit
207 1387 354 1429 Jesum
397 1387 609 1429 Christum
647 1389 888 1431 Dominum
926 1402 1121 1432 nostrum
1160 1408 1182 1432 a
1220 1391 1420 1440 mortuis,
1461 1390 1534 1445 qui

110 1464 286 1505 traditus
317 1475 375 1505 est
403 1477 582 1520 propter
621 1465 774 1508 delicta
811 1478 977 1516 nostra,
1019 1479 1058 1508 et
1092 1467 1316 1509 resurrexit
1354 1478 1534 1523 propter

109 1539 451 1597 justificationem
481 1546 708 1583 nostram.“
739 1541 850 1584 'Hoc
875 1543 922 1584 in
939 1544 1038 1585 loco
1068 1547 1187 1600 quod
1208 1544 1327 1585 dicit:
1356 1543 1530 1598 „non⁸)

108 1629 290 1673 propter
317 1618 457 1673 ipsum
485 1623 700 1659 tantum:“
741 1619 1064 1672 inteIIIgendum
1106 1633 1165 1662 est
1202 1623 1283 1671 „de
1318 1622 1460 1676 ipso:“
1491 1634 1531 1663 et

107 1695 264 1736 iterum
303 1696 422 1750 quod
460 1694 580 1736 dicit:
617 1696 715 1744 „sed
731 1694 776 1750 ⁹)
818 1707 858 1737 et
897 1708 1077 1753 propter
1106 1703 1232 1740 nos:“
1261 1699 1346 1739 hoc
1377 1710 1435 1740 est
1463 1711 1530 1749 „et

109 1773 162 1813 de
191 1771 355 1813 nobis.“
412 1771 684 1813 Manifestum
725 1789 913 1828 namque
943 1785 1022 1824 est,
1051 1775 1150 1830 quia
1179 1776 1286 1826 hoc,
1316 1778 1436 1831 quod
1466 1775 1530 1816 di-

108 1850 238 1890 citur:
262 1849 557 1904 „credidit¹⁰)
581 1850 800 1891 Abraham
821 1850 934 1901 Deo,
965 1863 1003 1893 et
1028 1865 1267 1908 reputatum
1300 1865 1358 1895 est
1384 1851 1445 1894 illi
1477 1853 1531 1894 ad

105 1923 303 1981 justitiam
318 1931 356 1966 :“
382 1943 474 1968 non
502 1938 731 1982 propterea
760 1926 903 1969 Rloses
931 1930 1118 1985 scripsit,
1145 1942 1193 1972 ut
1221 1931 1439 1971 Abraham
1467 1931 1529 1970 le·-

109 2014 233 2053 geret,
264 2003 335 2057 qui
366 2004 512 2058 utique
543 2004 647 2044 olim
688 2006 826 2045 fuerat
856 2007 1098 2048 defunctus:
1140 2009 1214 2049 sed
1243 2020 1290 2048 ut
1316 2024 1394 2048 nos
1424 2024 1528 2062 pro—

107 2081 262 2119 fectum
291 2080 392 2120 fidei
422 2096 468 2120 ex
499 2079 745 2136 hujusmodi
774 2082 959 2122 lectione
990 2084 1339 2138 caperemus,¹¹)
1371 2083 1528 2124 intelli-

107 2167 267 2207 gentes,
303 2156 400 2211 quia
440 2168 480 2197 et
500 2154 571 2211 ¹²)
598 2157 635 2198 si
663 2174 742 2199 nos
771 2157 827 2198 ita
858 2160 1079 2201 credamus
1110 2160 1230 2211 Deo,
1259 2172 1306 2202 ut
1333 2161 1405 2202 ille
1435 2177 1526 2202 cre*

225 2316 268 2371 ¹)
302 2315 437 2358 Galat.
467 2317 540 2366 IV,
578 2317 643 2360 19.
760 2317 806 2370 2)
838 2317 948 2359 Edd.
981 2319 1174 2361 Merlini:
1202 2321 1321 2363 sicut.

218 2387 268 2442 3)
296 2386 447 2427 Matth.
477 2387 574 2437 XII,
603 2388 669 2430 50.
759 2387 804 2443 ⁴)
836 2388 1111 2431 Desideratur
1138 2396 1233 2441 ,‚et“
1260 2391 1305 2433 in
1336 2393 1431 2434 edd.
1464 2392 1522 2433 Μ.

218 2457 264 2513 ⁵)
293 2457 313 2497 I
344 2456 534 2504 Timoth‚
560 2457 614 2508 II,
644 2457 709 2502 15.
825 2459 873 2515 ⁶)
903 2460 1029 2502 Rom.
1059 2461 1131 2512 lv,
1159 2464 1232 2505 22.

217 2527 263 2582 ⁷)
294 2527 419 2569 Rom.
448 2528 521 2578 IV,
548 2529 751 2574 23-25.
868 2531 916 2587 8)
950 2531 1074 2573 Rom.
1107 2533 1181 2585 IV,
1207 2534 1274 2577 23.

216 2596 263 2651 ⁹)
293 2597 416 2639 Rom.
445 2598 519 2648 IV,
547 2600 614 2641 24.

193 2666 266 2721 ¹⁰)
297 2666 448 2710 Genes.
477 2668 577 2720 XV,
607 2669 646 2712 6.
677 2671 774 2712 coll.
805 2670 933 2716 Rom.
962 2673 1035 2722 IV,
1065 2674 1104 2717 3.

198 2733 269 2790 ¹¹)
299 2736 415 2780 Editi
454 2737 513 2794 (v.
553 2755 586 2779 c.
625 2741 690 2782 ed.
728 2739 788 2784 M.
819 2742 894 2798 I.):
936 2748 1200 2800 ‚,paromus.“
1230 2744 1357 2788 Male.
1389 2744 1437 2786 Ρι.
1469 2769 1518 2776 -

105 2792 184 2834 Ed.
212 2790 272 2834 M.
302 2792 362 2832 II:
392 2811 648 2849 pararemus.

194 2859 267 2918 ¹²)
295 2862 571 2908 Desideratur
600 2873 691 2918 ‚‚et“
719 2868 764 2911 in
796 2871 890 2914 edd.
922 2869 1105 2913 MerIIni.
