1788 3111
192 117 250 162 86
531 116 755 161 Omoems
780 130 830 162 m
858 117 936 162 Er.
966 129 1026 160 An
1059 118 1284 160 Rommos

192 231 367 274 Jacobo
400 242 442 274 et
467 231 662 283 Joanne,
700 233 1024 275 transformatus
1056 247 1142 274 esse
1161 230 1204 286 1>
1233 230 1279 272 in
1309 231 1487 284 gloriam
1518 230 1621 272 scri-

194 308 321 350 bitur.
378 309 462 360 „Et
476 309 524 366 ²)
561 321 664 352 tunc
694 321 1006 365 apparuerunt,
1047 308 1209 365 inquit,
1248 308 1392 351 Moses
1424 321 1464 350 et
1491 308 1623 358 Elias,

196 386 549 444 colloquentes3)
581 404 679 430 cum
710 391 804 429 eo.“
857 386 942 428 Per
967 388 1086 443 quod
1118 386 1368 436 ostenditur,
1398 386 1495 443 quia
1524 384 1625 437 legis

196 474 237 525 et
263 464 578 522 prophetarum
608 464 742 517 gloria
771 475 874 505 tunc
903 463 1115 520 apparuit,
1150 481 1248 506 cum
1273 462 1463 505 Christus
1480 463 1625 506 fuisset

193 543 519 584 transformatus
555 541 599 584 in
641 541 797 593 gloria,
835 552 883 582 ut
920 540 1033 583 illius
1071 541 1205 593 gloria
1241 539 1483 583 illuminata
1519 556 1625 596 pro-

195 618 353 675 phetia,
384 631 423 661 ct
452 621 540 670 lex,
571 631 719 661 amoto
744 617 953 660 velamine
981 618 1149 670 literae,
1178 603 1437 669 intelllgatur
1465 616 1511 659 in
1539 616 1626 674 spi-

195 696 291 738 ritu.
349 695 510 738 Verum
543 696 642 753 quia
673 708 713 736 et
750 695 793 737 in
825 694 980 736 Exodo
998 693 1044 752 4)
1085 696 1241 737 dicitur
1279 694 1414 747 gloria
1444 693 1530 736 Dei
1558 711 1626 736 re-

195 773 331 830 plesse
360 774 686 815 tabernaculum
714 772 964 824 testimonii;
1003 785 1043 814 ct
1080 772 1235 814 iterum
1269 772 1314 814 in
1357 773 1628 815 dedicatione

195 850 347 907 templi
371 850 651 892 nihilominus
673 848 936 892 descendisse
956 849 1002 906 ⁵)
1035 851 1169 902 gloria
1184 849 1229 906 6)
1262 851 1360 901 Dei,
1390 862 1430 893 et
1447 851 1630 906 replesse

198 928 377 970 domum
407 929 554 978 fumo,
593 927 771 979 caligine
802 938 843 968 et
875 929 1013 979 nube,
1050 927 1096 969 in
1136 945 1223 985 quo
1254 928 1403 985 utique
1431 928 1523 984 ipsa
1553 929 1631 970 ad-

198 1022 287 1049 esse
325 1006 410 1048 Dei
448 1006 686 1063 praesentia
728 1003 991 1057 designatur:
1036 1005 1107 1047 illa
1148 1005 1191 1046 in
1237 1005 1301 1047 his
1342 1007 1534 1061 putanda
1572 1016 1632 1047 est

197 1082 343 1140 diei7)
391 1083 550 1136 gloria,
590 1084 644 1124 de
689 1098 770 1138 qua
812 1083 1046 1138 Apostolus
1084 1082 1274 1125 scribens
1313 1084 1366 1124 ad
1407 1075 1632 1124 Hebraeos

198 1160 304 1203 dicit
333 1163 387 1203 de
414 1160 551 1210 Filio,
591 1159 690 1217 quia
719 1160 772 1202 sit
799 1159 1008 1215 splendor
1023 1158 1069 1216 3)
1101 1160 1280 1213 gloriae,
1319 1172 1359 1201 et
1385 1160 1528 1213 imago
1562 1177 1631 1202 ex-

197 1255 340 1295 pressa
358 1239 618 1280 substantiae
643 1236 770 1295 ejus.“
811 1237 896 1278 Per
910 1236 956 1291 9)
982 1253 1091 1292 quae
1111 1236 1196 1278 hoc
1218 1238 1469 1285 declaratur,
1490 1237 1631 1293 ipsum

198 1318 366 1358 fontem
396 1316 558 1369 gloriae
589 1316 758 1357 Patrem
793 1315 889 1363 dici,
920 1330 966 1354 ex
988 1330 1075 1369 quo
1092 1315 1301 1370 splendor
1323 1313 1481 1366 gloriae
1498 1313 1632 1355 Filius

199 1405 444 1447 generatur,
488 1391 608 1450 cujus
645 1391 976 1449 participatione
1013 1407 1164 1433 omnes
1195 1403 1412 1433 creaturae
1452 1391 1632 1442 gloriam

200 1474 360 1514 habere
391 1451 613 1514 dicuntur:
651 1469 759 1512 sicut
790 1471 844 1511 de
874 1469 961 1517 his,
998 1469 1073 1525 qui
1104 1485 1152 1511 ex
1183 1469 1495 1512 resurrectione
1523 1481 1635 1517 sunt,

200 1549 422 1593 scribitur:
451 1547 649 1603 „alia¹⁰)
681 1547 817 1602 gloria
847 1546 960 1597 solis,
991 1548 1072 1589 alia
1105 1548 1238 1600 gloria
1267 1548 1408 1597 lunae,
1439 1546 1520 1589 alia
1543 1547 1634 1598 glo-

200 1628 263 1669 ria
293 1628 532 1670 stellarum:
561 1627 682 1668 stella
713 1644 736 1668 a
764 1625 881 1668 stella
915 1626 1058 1668 differt
1088 1627 1133 1667 in
1164 1626 1339 1678 gloria.“
1389 1624 1512 1665 Hanc
1534 1639 1633 1676 ergo

202 1705 406 1757 gloriam,
459 1720 570 1760 quae
611 1720 660 1744 ex
700 1702 1014 1745 resurrectione
1059 1714 1137 1754 cst,
1191 1702 1551 1758 quirequirunt,
1597 1712 1637 1742 et

201 1782 416 1824 honorem
448 1794 487 1823 et
515 1780 914 1837 incorruptionem,
953 1781 1061 1821 illud
1099 1781 1189 1822 sine
1234 1779 1368 1821 dubio
1405 1778 1636 1829 invenient,

203 1861 324 1916 quod
360 1859 564 1916 scriptum
605 1870 683 1901 est:
724 1855 1068 1913 „seminatur¹¹)
1106 1874 1263 1913 corpus
1301 1857 1347 1898 in
1383 1856 1637 1909 ignominia,

202 1949 344 1990 surget
400 1937 446 1978 in
505 1937 662 1989 gloria:
732 1935 966 1978 seminatur
1023 1934 1067 1975 in
1129 1934 1431 1990 corruptione,
1497 1944 1639 1984 surget

203 2017 249 2059 in
279 2014 655 2072 incorruptione.“
712 2013 783 2056 Ed
820 2014 919 2056 ideo
957 2012 1186 2069 inquisitor
1219 2009 1344 2068 hujus
1375 2010 1560 2063 gloriae,
1599 2023 1638 2052 et

205 2093 410 2142 honoris,
455 2104 496 2134 et
533 2091 894 2149 incorruptionis,
943 2106 1022 2146 per
1061 2088 1311 2146 patientiam
1348 2088 1456 2129 boni
1496 2089 1638 2145 operis

328 2212 371 2269 ¹)
403 2212 514 2254 Edd.
532 2211 679 2254 Merl.:
712 2211 756 2253 in
780 2209 915 2264 gloria
935 2225 1021 2251 esse
1044 2221 1120 2250 etc.
1205 2208 1251 2265 ²)
1268 2206 1420 2251 Matth.
1439 2207 1577 2258 XVII,
1599 2208 1638 2251 3.

322 2284 370 2339 3)
400 2283 511 2325 Edd.
541 2281 739 2324 Merlini:
774 2281 998 2337 loquentes
1030 2297 1127 2321 cum
1160 2296 1224 2321 eo.

324 2352 370 2407 α)
400 2353 538 2394 Exod.
568 2353 660 2402 XL,
688 2353 757 2395 32.
877 2353 922 2406 ⁵)
955 2351 995 2391 ll
1028 2349 1192 2392 Chron.
1226 2349 1318 2399 VII,
1349 2348 1387 2390 1.

324 2423 370 2478 ⁶)
401 2423 512 2465 Edd.
543 2422 739 2464 Merlini:
774 2421 966 2474 gloriam.

325 2493 371 2549 ⁷)
403 2493 474 2534 Sic
507 2508 656 2534 omnes
680 2492 780 2532 les.
822 2491 938 2531 Editi
972 2508 1071 2532 vcro
1104 2491 1165 2546 (e.
1185 2506 1216 2530 c.
1240 2490 1457 2544 e‹l‹l.'M.):
1490 2489 1638 2538 „Ddf‘

209 2553 424 2600 Rabanm,
459 2561 498 2590 ct
530 2550 660 2591 editio
679 2549 844 2590 Veneta
867 2546 1103 2604 Theophili
1132 2545 1379 2588 Salodiaui:
1409 2546 1559 2597 „di-:13⁸
1592 2546 1636 2586 R.

326 2621 373 2676 s>
404 2619 537 2661 mbr.
569 2620 600 2669 1,
628 2620 667 2662 3.

325 2691 372 2746 ⁹)
401 2691 462 2732 Ita
495 2691 595 2732 editi
627 2691 684 2746 (e.
719 2707 751 2731 c.
784 2691 880 2730 edd.
913 2687 1010 2743 Μ.)
1077 2688 1175 2729 Mss.
1206 2703 1306 2728 vcro
1337 2686 1491 2728 nostri:
1534 2686 1641 2735 „Per

209 2766 319 2805 quac
358 2749 498 2790 haec“
539 2747 616 2800 (al.
653 2746 739 2787 Per
779 2762 898 2803 quae
930 2746 998 2801 ec)
1037 2746 1357 2795 „declaratur.“
1417 2743 1638 2785 Rabanus:

210 2805 320 2856 „Per
351 2821 460 2860 quac
491 2805 715 2846 declarat.“
747 2803 797 2845 R.

302 2872 373 2930 ¹⁰)
406 2873 424 2914 I
457 2873 559 2915 Cor.
589 2874 684 2924 XV,
714 2874 779 2917 41.
904 2872 975 2927 ¹¹)
1005 2872 1023 2912 Ι
1056 2870 1156 2914 Cor.
1187 2870 1284 2921 XV,
1316 2872 1382 2913 43.
1414 2871 1480 2914 42.
