1788 3111
513 77 954 120 COMMENTAmonUM
987 78 1077 120 Lm.
1108 79 1179 120 IV.
1471 84 1552 127 311

129 192 293 235 micitiis
324 191 461 245 digna.
521 192 631 234 Sunt
661 205 761 242 ergo
790 206 1014 232 mensurae
1052 202 1093 232 et
1121 192 1273 244 gradus
1305 191 1477 248 quidam
1509 193 1551 234 in

128 270 189 312 his
226 281 499 326 peccatorum
531 266 730 325 qualitate
760 268 824 307 vel
856 266 1087 323 quantitate
1118 267 1320 318 distincti,
1363 269 1435 325 qui
1472 269 1551 310 ini-

128 347 225 389 mici
271 359 368 388 sunt
411 348 523 388 Deo.
597 344 725 386 Unde
757 355 797 384 et
830 343 914 393 ille,
963 344 1035 400 qui
1066 361 1193 401 supra
1225 362 1370 386 omnes
1401 363 1551 401 pecca-

127 425 196 474 vit,
226 442 246 465 a
278 424 414 465 Paulo
456 422 629 464 ultimus
663 420 858 462 inimicus
899 422 1179 463 destruendus
1221 438 1307 463 esse
1338 440 1549 464 memora-

127 509 207 540 tur.
227 497 268 552 1)
325 498 454 538 Versa
487 509 629 538 autem
661 498 750 539 vice
781 509 820 538 et
852 498 1003 539 ordine
1034 498 1158 539 etiam
1180 516 1266 549 eos,
1297 499 1369 555 qui
1397 516 1546 541 recon-

126 574 253 616 ciliati
282 586 378 615 sunt
408 591 485 629 per
514 586 697 614 mortem
723 573 824 615 Filii
856 573 957 631 ejus,
977 574 1084 631 in2)
1115 575 1258 617 amicis
1276 577 1424 617 haberi
1456 594 1544 618 cer-

126 663 217 692 tum
249 663 329 693 est:
363 663 404 692 et
435 667 521 692 esse
551 650 736 707 aliquem
766 651 824 692 ita
854 651 1050 702 amicum,
1081 652 1189 694 sicut
1212 653 1357 694 Moses
1390 653 1548 695 amicus

125 728 208 769 Dei
247 729 480 784 appellatus
522 728 668 783 est23)
711 744 797 768 esse
841 745 1015 784 quoque
1045 729 1171 780 alios,
1204 730 1417 786 quibus⁴¹)
1449 730 1550 771 dicit

125 805 342 846 Salvator:
385 803 554 862 „jam⁵)
595 822 685 845 non
733 804 871 845 dicam
914 822 988 847 vos
1029 823 1192 857 servos,
1234 809 1308 849 sed
1350 808 1548 849 amicosf·

125 882 266 924 Credo
296 894 436 923 autem
469 897 557 921 esse
587 882 726 922 adhuc
756 881 885 934 magis
920 883 1147 925 familiares
1178 884 1343 940 aliquos
1373 885 1417 926 in
1448 902 1545 926 coe-

122 958 293 1000 lestibus
324 959 482 1000 amicos
512 959 627 1014 apud
657 959 824 1007 Deum,
865 960 931 1000 vel
963 959 1073 1010 illos,
1107 960 1179 1016 qui
1208 978 1374 1016 semper
1404 961 1548 1003 vident

120 1035 272 1076 faciem
301 1036 398 1086 Dei,
428 1037 494 1077 vel
525 1052 613 1086 eos,
647 1035 718 1091 qui
749 1052 916 1092 semper
947 1039 1114 1078 adstant
1142 1037 1187 1079 in
1219 1050 1449 1094 conspectu
1469 1040 1544 1079 Al-

121 1112 292 1154 tissimi:
323 1125 384 1164 ut,
415 1113 523 1155 sicut
554 1130 681 1168 supra
714 1112 892 1155 diximus
925 1131 1011 1156 esse
1041 1117 1255 1171 quendam
1271 1116 1547 1157 novissimum

120 1189 352 1240 inimicum,
382 1190 439 1230 ita
471 1202 511 1231 et
539 1190 600 1230 ibi
629 1206 709 1245 pro
740 1189 942 1231 virtutum
960 1192 1120 1233 meritis
1145 1194 1384 1234 habeantur
1413 1194 1544 1250 aliqui

120 1266 273 1308 summi
314 1267 448 1308 amici.
510 1267 621 1308 Cum
664 1283 761 1318 ergo
805 1267 907 1308 haec
925 1267 970 1324 6)
1009 1269 1067 1310 ita
1105 1270 1210 1321 sint,
1248 1271 1390 1312 nescio
1431 1271 1463 1312 si
1494 1272 1540 1321 is,

122 1343 254 1399 qui7)
300 1346 439 1386 adhuc
478 1355 700 1401 permanet
728 1344 772 1384 in
803 1345 866 1386 his
899 1345 1121 1401 operibus,
1151 1363 1259 1402 quae
1291 1348 1382 1389 odit
1412 1348 1543 1397 Deus,

120 1433 160 1461 et
195 1438 276 1477 pro
324 1422 475 1478 quibus
515 1421 759 1463 inimicitiae
797 1434 895 1463 sunt
932 1423 1042 1464 inter
1079 1424 1223 1465 Deum
1264 1436 1304 1465 et
1335 1426 1542 1475 homines,

119 1497 412 1540 reconciliatus
451 1498 598 1553 esse3)
640 1499 735 1539 Deo
784 1516 862 1555 per
909 1500 1156 1553 sanguinem
1197 1501 1351 1543 Christi
1389 1502 1540 1543 merito

119 1573 293 1615 dicatur.
368 1575 606 1629 Quomodo
646 1576 759 1617 enim
798 1577 1093 1618 reconciliatus
1135 1589 1218 1629 est,
1258 1579 1392 1634 qui9)
1434 1596 1540 1635 quae

118 1650 277 1692 inimici
313 1665 411 1694 sunt
449 1652 586 1707 gerit?
640 1654 798 1694 Paulus
830 1670 930 1706 ergo
962 1654 1114 1695 merito
1147 1656 1202 1696 de
1231 1671 1275 1695 se
1306 1667 1345 1696 et
1376 1655 1454 1696 sibi
1486 1656 1539 1697 si-

116 1727 287 1770 milibus
318 1729 439 1780 dicit,
481 1729 578 1786 quia
608 1747 733 1781 „cum
753 1729 823 1784 ¹⁰)
854 1730 1014 1772 inimici
1044 1748 1250 1783 essemus,
1282 1733 1540 1774 reconciliati

232 1922 276 1977 ¹)
306 1923 325 1963 1
359 1923 457 1965 cor.
487 1925 582 1975 xv,
612 1927 680 1968 26.

231 1993 276 2046 ²)
308 1992 377 2034 Sic
409 2011 555 2035 omnes
585 1996 686 2038 NIss.
716 1995 861 2036 nostri.
895 1996 1150 2038 Salodianus
1183 2012 1282 2037 vero
1316 2010 1355 2037 et
1386 1997 1533 2039 Blerli—

114 2065 191 2087 nus
231 2048 298 2103 (in
328 2050 423 2090 edd.
456 2050 485 2088 Ι.
521 2061 560 2090 et
595 2051 694 2106 II.):
726 2051 950 2101 „inimicos
971 2052 1158 2095 haberi.“
1206 2053 1532 2095 Genebrardus:

114 2103 298 2154 „amicos
329 2104 515 2145 haberi.“
572 2107 624 2147 R.

229 2173 275 2228 3)
307 2174 396 2216 Cfr.
425 2175 562 2216 Exod.
593 2176 800 2227 ΧΧΧΙΙῘ,
834 2178 898 2221 11.

235 2243 280 2299 ⁴)
311 2244 427 2285 Editi
458 2246 517 2301 (v,
550 2263 582 2288 c.
615 2248 708 2288 edd.
739 2247 846 2302 M.>:
879 2248 958 2297 „de
991 2246 1183 2303 quibus.“
1215 2249 1265 2290 R.

229 2314 273 2369 ⁵)
303 2316 379 2357 Ev.
408 2317 563 2357 Joann.
594 2317 689 2365 XV,
722 2319 787 2361 15.

230 2384 276 2438 ⁶)
310 2385 422 2427 Edd.
451 2385 646 2427 Merlini:
678 2386 734 2427 ita
765 2388 866 2428 haec
897 2387 990 2428 sint.

230 2454 274 2509 ⁷)
304 2454 422 2495 Editi
463 2456 521 2510 (v.
562 2473 595 2498 c.
644 2457 737 2498 edd.
775 2457 881 2511 M.):
922 2458 1024 2513 „qui
1053 2460 1192 2501 adhuc
1224 2461 1266 2501 in
1299 2462 1360 2503 his
1392 2463 1532 2518 operi-

113 2511 191 2550 bus
233 2522 304 2560 est,
336 2518 470 2567 quae“
501 2524 577 2555 etc.
624 2514 711 2556 Sed
742 2520 856 2563 „est“
887 2515 1003 2555 deest
1035 2514 1078 2556 in
1114 2516 1300 2558 editione
1318 2518 1384 2573 (in
1414 2520 1534 2574 edd.)

112 2565 297 2608 Merlini.
328 2568 379 2609 R.

228 2635 275 2690 ⁸)
305 2637 583 2678 Desideratur
611 2643 751 2688 „esse“
782 2639 826 2679 in
858 2640 953 2681 edd.
984 2642 1044 2684 M.

230 2704 276 2759 ⁹)
307 2706 516 2748 Merlinus
547 2706 614 2772 (in
646 2709 740 2749 edd.
772 2710 803 2749 I.
834 2722 874 2751 et
908 2710 989 2765 ΙΙ.)
1020 2723 1060 2751 et
1092 2712 1394 2755 Genebrardus
1435 2733 1529 2771 per-

116 2777 260 2816 peram
292 2763 470 2804 hahent:
503 2779 603 2819 „qul
635 2781 801 2807 causam
830 2766 986 2808 ininnci
1018 2784 1158 2810 secum
1191 2768 1353 2822 gerit?“
1382 2772 1431 2813 R.

209 2829 278 2885 10)
309 2831 434 2875 Rom.
464 2833 515 2883 V,
548 2835 612 2877 10.
