1788 3111
197 135 254 177 70
536 137 759 184 Oiucfflms
789 155 835 185 m
865 142 943 185 Ep.
972 155 1031 185 An
1064 143 1287 187 ROMANOS

198 247 232 289 si
264 247 369 304 quis,
400 250 517 292 verbi
551 269 687 303 causa,
718 254 997 297 homicidium
1028 273 1119 297 non
1151 256 1369 297 voluntate
1399 254 1623 296 commise-

199 324 264 366 rit.
323 326 380 367 Et
410 327 489 370 alia
530 329 639 370 fiunt
670 348 799 387 opere
840 333 1013 389 quidem
1054 336 1196 383 bono,
1235 334 1308 374 sed
1351 333 1493 373 animo
1534 349 1626 373 non

197 403 341 446 bono:
372 417 419 446 ut
448 405 481 448 si
514 406 606 463 quis
636 409 984 461 misericordiam,
1016 429 1106 453 non
1125 411 1165 467 ¹)
1195 428 1276 467 pro
1307 411 1509 451 mandato
1540 408 1624 450 Dei

198 479 243 520 in
274 482 407 532 bono,
437 485 512 525 sed
542 497 590 526 ut
619 486 818 528 laudetur
848 489 900 528 ab
932 489 1191 538 hominibus,
1222 487 1357 529 saciat.
1405 486 1501 528 Alia
1523 503 1624 528 vero

197 570 316 610 sunt,
347 559 392 601 in
423 562 576 617 quibus
607 563 692 605 sive
721 565 766 605 in
796 567 940 616 bono,
970 566 1053 608 sive
1086 566 1129 607 in
1159 567 1298 616 malo,
1329 564 1494 606 animus
1526 580 1624 605 cum

200 652 331 692 opere
347 638 391 692 2)
440 643 687 684 concordat.
754 643 810 684 Et
856 643 953 699 quia
998 645 1127 684 corda
1172 643 1397 684 hominum
1438 640 1625 696 nosse3)

197 713 328 763 solius
360 715 444 757 Dei
477 730 559 767 est,
602 730 641 759 et
671 720 825 761 mentis
854 731 1013 761 secreta
1047 720 1314 773 dignoscere,
1343 720 1504 762 idcirco
1535 719 1626 775 ipse

197 792 313 834 solus
345 805 417 845 est,
450 795 523 851 qui
553 799 790 838 secundum
821 798 1037 840 veritatem
1069 810 1211 854 potest
1226 800 1383 840 habere
1405 796 1624 855 judiciam.

197 871 285 912 Sed
316 873 559 928 requiritur,
589 873 622 914 si
655 891 749 928 erga
765 875 810 932 ⁴¹)
843 893 934 927 eos,
970 893 1156 932 quorum
1186 875 1383 918 remissae
1413 885 1511 917 sunt
1540 873 1621 915 ini-

198 947 377 1003 quitates
407 967 485 1006 per
515 952 715 1008 baptismi
746 953 934 1007 gratiam,
966 954 1031 994 vel
1064 972 1249 1010 quorum
1279 965 1388 996 tecta
1418 963 1517 994 sunt
1546 969 1624 1008 per

194 1025 501 1080 poenitentiam
545 1042 739 1086 peccata,
784 1033 848 1073 vel
890 1032 1044 1088 quibus
1088 1032 1390 1088 imputandum
1432 1046 1523 1072 non
1565 1041 1625 1070 est

194 1115 418 1157 peccatum
457 1123 536 1162 per
584 1108 775 1167 martyrii
816 1110 1016 1163 gloriam,
1062 1109 1358 1165 secundun15)
1403 1108 1623 1149 veritatem

195 1177 387 1221 videatur
426 1183 545 1226 Deus
582 1202 748 1228 servare
793 1187 1012 1244 judicium.
1070 1187 1236 1229 Veritas
1275 1186 1434 1243 quippe
1474 1183 1622 1241 judicii

195 1256 278 1298 hoc
309 1261 519 1314 postulat,
549 1274 597 1304 ut
626 1264 762 1306 malus
793 1265 925 1315 mala,
967 1277 1007 1306 et
1037 1266 1178 1306 bonus
1207 1264 1383 1320 recipiat
1411 1265 1548 1304 bona:
1581 1273 1622 1302 ct

195 1336 384 1389 quamvis
432 1339 545 1381 dona
591 1353 631 1382 et
674 1342 840 1396 largitio
886 1342 970 1384 Dei
1015 1359 1285 1398 nequaquam
1333 1341 1620 1398 curiositatem

194 1411 457 1457 discutientis
496 1417 808 1473 admittant,‘⁵)
848 1431 992 1461 tamen
1024 1420 1150 1461 ctiam
1189 1419 1234 1461 in
1268 1421 1350 1461 hoc
1383 1430 1539 1475 quanta
1570 1416 1621 1459 sit

193 1488 342 1546 judicii
374 1492 463 1551 ejus
494 1495 644 1539 veritas
677 1499 962 1540 ostendamus.
1024 1497 1277 1540 Communis
1306 1496 1514 1553 professio
1548 1508 1621 1546 cst,

190 1568 358 1612 bonum
399 1588 489 1613 non
531 1574 688 1615 debere
718 1574 884 1630 puniri,
926 1593 1005 1617 nec
1045 1577 1207 1617 malum
1247 1575 1452 1631 consequi
1489 1576 1618 1616 bona.

191 1645 238 1689 Si
270 1647 362 1703 quis
395 1665 495 1703 ergo
525 1650 598 1702 sit,
630 1652 748 1693 verbi
779 1653 932 1706 gratia,
966 1654 1038 1710 qui
1070 1653 1198 1707 egerit
1228 1653 1461 1708 aliquando
1491 1653 1617 1702 mala,

192 1735 355 1766 eertum
388 1739 468 1778 est,
509 1729 606 1785 quia
637 1731 774 1772 malus
806 1742 895 1773 erat
925 1742 1046 1780 tune,
1086 1748 1183 1771 cum
1214 1725 1363 1784 agebat
1392 1731 1516 1772 mala.
1576 1733 1616 1773 Is

190 1818 290 1844 vero
321 1804 355 1845 si
386 1807 716 1860 praeteritorum
745 1809 969 1865 poenitens
1000 1821 1185 1849 mentem
1209 1825 1326 1851 suam
1349 1809 1532 1864 corrigat
1562 1812 1616 1852 ad

187 1881 316 1931 bona,
348 1881 449 1938 et7)
481 1885 590 1926 bene
621 1897 736 1940 agat,
766 1887 877 1928 bene
907 1888 1129 1942 loquatur,
1161 1888 1271 1928 bene
1301 1887 1476 1940 cogitet,
1506 1889 1617 1930 bene

187 1957 308 2001 velit:
341 1960 414 2016 qui
435 1961 537 2003 haec
558 1962 652 2016 agit,
681 1964 891 2020 nonneg)
921 1964 999 2006 tibi
1019 1964 1187 2005 videtur
1204 1966 1358 2016 bonus,
1390 1976 1432 2006 et
1460 1966 1614 2008 merito

185 2034 376 2093 recipcre
405 2039 551 2082 bona?
613 2041 817 2084 Similiter
849 2054 890 2083 et
920 2041 954 2084 si
988 2059 1036 2084 ex
1066 2044 1185 2084 bono
1219 2043 1312 2100 quis
1343 2056 1614 2086 convertatur

306 2170 348 2229 ι>
378 2175 459 2217 Ed.
490 2176 626 2218 Ruaei
656 2176 700 2217 in
730 2189 868 2220 textu:
904 2194 1019 2228 „non
1053 2194 1133 2233 pro
1165 2179 1368 2222 mandato
1402 2182 1508 2232 Dei,
1539 2184 1613 2224 scd

183 2235 256 2271 ut“
287 2243 376 2282 etc„
408 2233 451 2274 in
482 2234 617 2276 notis:
649 2234 778 2284 „editi
810 2234 867 2291 (e.
898 2252 931 2277 c.
964 2236 1060 2276 edd.
1090 2235 1198 2291 M.):
1230 2249 1324 2278 non
1352 2254 1440 2295 pro
1474 2256 1611 2280 man.—

185 2286 298 2330 clato
332 2288 426 2330 Dei
458 2290 507 2330 in
538 2289 680 2344 hono,
712 2293 795 2334 sed
828 2298 912 2333 ιιῑα
948 2302 1024 2333 etc.

300 2358 346 2414 ²)
377 2358 494 2401 Editi
525 2361 584 2416 (e.
617 2378 650 2403 c.
683 2363 780 2404 edd.
811 2361 897 2417 M.)
926 2368 1177 2417 ,‚c0rp0re,“
1207 2366 1330 2408 male.
1360 2366 1410 2408 R.

299 2428 347 2484 3)
377 2431 489 2472 Edd.
521 2431 718 2473 Merlini:
753 2450 941 2474 noscere.

300 2499 346 2554 ²²)
378 2500 495 2542 Editi
525 2502 582 2558 (c.
603 2519 636 2544 c.
661 2503 756 2544 cdd.
777 2503 884 2557 Μ.);
918 2503 977 2552 „si
1003 2519 1101 2557 crgo
1133 2502 1208 2545 iis“
1241 2517 1315 2547 cte.
1349 2507 1400 2547 R.
1435 2532 1483 2537 —
1520 2507 1606 2549 Cl'r.

182 2556 336 2599 Psalm.
369 2559 554 2608 XXXIl,
586 2560 623 2601 1.
654 2561 693 2602 2.
723 2560 938 2614 (XXXI.)

298 2627 344 2683 ⁵)
374 2629 487 2670 Edd.
518 2629 714 2670 Merlini:
749 2630 940 2672 videatur
970 2633 1205 2673 seeundum
1237 2634 1465 2675 veritatem.

298 2698 344 2754 6)
375 2699 577 2742 Rabanus
610 2711 649 2741 et
681 2701 937 2742 Salodianus
968 2718 1212 2757 perperam:
1245 2705 1505 2753 „amitt.ant.“
1537 2709 1583 2747 ll.

298 2768 345 2823 ⁷)
375 2770 487 2811 Edd.
514 2770 708 2812 Merlini:
741 2783 779 2812 et
812 2785 901 2826 agat
935 2774 1056 2821 bene,
1088 2774 1289 2829 loquatur
1321 2778 1443 2825 benc,
1476 2780 1604 2819 benc-

181 2842 262 2880 que
293 2826 459 2880 cogitet,
490 2828 600 2869 bene
629 2828 739 2870 velit..

298 2896 344 2950 ⁶³)
376 2897 456 2939 Ed.
490 2898 549 2940 Μ.
583 2900 627 2948 Ι.,
659 2899 845 2956 itemque
878 2902 941 2941 cd.
976 2901 1127 2943 Ruaci:
1162 2918 1250 2942 non
1282 2903 1356 2944 tibi
1391 2917 1466 2945 cte.
