1788 3111
227 140 285 185 36
570 135 796 182 Omenms
825 151 872 181 m
899 138 979 182 Ep,
1008 150 1068 182 An
1099 140 1326 183 ROMANos

227 255 356 297 nibus
384 251 527 294 minus
554 252 706 295 finitis:
735 253 817 295 nisi
854 254 966 295 forte
993 254 1186 296 videatur
1214 255 1260 297 in
1291 270 1342 296 eo
1374 255 1520 306 reddi,
1561 270 1660 297 cum

233 332 357 375 dicit:
390 330 522 381 „nolo
545 329 588 385 ¹)
620 343 760 372 autem
789 347 864 372 vos
893 332 1106 382 ignorare,
1132 333 1318 374 fratres.“

345 410 411 453 10.
440 407 603 458 „Testis
619 407 665 464 2)
697 408 811 449 enim
841 408 948 449 mihi
979 420 1039 449 est
1066 409 1206 459 Deus,
1239 410 1307 450 cui
1335 408 1472 450 servio
1500 408 1544 450 in
1573 407 1661 465 spi-

230 487 315 530 ritu
344 503 458 537 meo,
486 486 532 527 in
562 486 794 538 Evangelio
817 486 916 526 Filii
947 484 1074 543 ejus.“
1135 486 1251 528 Deus
1281 485 1390 528 testis
1423 497 1480 527 est
1508 486 1660 528 sanctis

228 565 325 615 suis,
357 563 457 620 quia
489 575 528 605 et
555 562 639 619 ipsi
666 574 787 605 testes
815 574 914 605 sunt
947 563 1051 613 Dei,
1080 562 1380 616 secundum3)
1407 564 1527 618 quod
1558 563 1661 604 dicit

231 642 469 701 propheta:
518 640 656 692 „eritis
699 640 806 682 mihi
834 651 978 691 testes,
1024 653 1063 681 et
1094 657 1170 692 ego
1201 641 1333 690 testis,
1373 640 1477 682 dicit
1504 639 1662 682 Domi-

227 723 347 761 nus.“
407 718 493 760 Sed
526 730 564 759 et
591 717 788 758 Salvator
818 718 869 758 ad
905 719 1137 775 discipulos
1169 719 1292 760 dicit:
1324 718 1462 768 „eritis
1478 716 1524 768 ⁴²)
1554 715 1661 758 mihi

227 808 350 839 testes
377 796 422 837 in
453 794 706 842 Jerusalem,
739 806 778 835 et
806 793 850 835 in
882 796 1097 846 Samaria,
1129 807 1167 837 ct
1195 800 1241 838 in
1273 795 1474 836 omnibus
1503 795 1661 835 finibus

227 878 406 923 terrae‚“
433 874 671 915 secundum
701 871 831 921 illud,
863 875 984 927 quod
1013 873 1216 928 scriptum
1252 883 1329 914 est:
1361 870 1524 927 ‚‚qui⁵)
1556 887 1662 912 con-

229 953 360 993 fessus
389 950 516 992 fuerit
544 951 588 991 in
619 965 711 999 me,
743 961 782 990 et
814 966 888 1001 ego
923 951 1167 991 confitebor
1194 950 1239 991 in
1273 966 1323 990 eo
1357 966 1504 990 coram
1535 948 1662 990 Patre

228 1033 370 1070 meo.“
413 1028 647 1069 Videamus
678 1038 832 1076 autem,
863 1026 967 1082 quid
998 1039 1055 1068 est
1087 1028 1206 1082 quod
1232 1026 1356 1067 dicit:
1387 1025 1544 1082 ‚,cui⁶)
1573 1041 1661 1067 ser-

229 1106 299 1148 vio
329 1106 374 1147 in
404 1104 557 1162 spiritu
586 1109 726 1145 meo.“
789 1104 957 1146 servire
984 1103 1029 1144 in
1060 1103 1210 1160 spiritu
1240 1104 1375 1145 simile
1404 1103 1512 1144 mihi
1541 1103 1660 1145 vide-

228 1196 300 1226 tur
331 1199 429 1233 esse,
456 1183 545 1224 imo
579 1193 618 1222 et
648 1181 830 1237 ampiius
852 1181 1024 1236 aliquid,
1057 1198 1185 1237 quam
1211 1183 1392 1223 adorare
1421 1181 1465 1222 in
1495 1181 1659 1237 spiritu,

227 1263 336 1307 sicut
366 1274 405 1303 et
435 1262 523 1317 ipse
540 1259 761 1301 Dominus
792 1259 962 1300 dicebat
990 1261 1042 1300 ad
1067 1259 1378 1300 Samaritanam
1409 1258 1658 1299 mulierem:

226 1337 429 1394 ‚‚venit⁷)
460 1338 591 1386 hora,
631 1348 670 1378 et
698 1354 816 1377 nunc
848 1348 918 1386 est,
948 1337 1123 1391 quando
1154 1336 1241 1377 veri
1272 1338 1520 1377 adorato'res
1554 1336 1662 1376 ado-

224 1418 384 1458 rabunt
413 1415 584 1456 Patrem
614 1413 660 1455 in
690 1413 843 1469 spiritu
874 1425 914 1454 et
942 1413 1152 1455 veritate.“
1201 1412 1288 1453 Sed
1303 1411 1349 1467 Θ)
1381 1411 1540 1453 Paulus
1568 1427 1661 1452 non

224 1495 369 1536 solum
399 1493 554 1533 adorat
585 1491 630 1532 in
661 1491 825 1547 spiritu,
855 1507 1003 1531 verum
1026 1501 1065 1530 et
1086 1490 1263 1532 deservit
1278 1490 1324 1530 in
1341 1490 1503 1546 spiritu.
1549 1490 1660 1530 Nam

227 1571 412 1612 adorare
451 1569 543 1625 quis
579 1579 720 1625 potest
762 1578 802 1608 et
837 1567 928 1609 sine
966 1568 1142 1608 affectu:
1187 1567 1394 1609 deservire
1431 1583 1532 1608 vero
1571 1564 1660 1623 ejus

228 1659 307 1698 est,
347 1663 476 1702 quem
512 1645 760 1696 constringit
798 1646 986 1686 affectus.
1046 1644 1242 1685 Deservit
1281 1659 1382 1694 ergo
1424 1644 1659 1691 Apostolus

226 1713 411 1780 Deo,⁹)
441 1740 532 1765 non
564 1723 611 1763 in
641 1737 849 1777 corpore,
879 1736 1019 1776 neque
1049 1720 1093 1761 in
1121 1720 1289 1769 anima‚'
1313 1722 1386 1761 sed
1410 1719 1456 1760 in
1478 1719 1659 1761 meliore

225 1802 291 1844 sui
319 1811 462 1857 parte,
490 1799 537 1841 id
557 1799 628 1855 ¹⁰)
659 1811 738 1849 est,
778 1797 824 1839 in
861 1798 1025 1854 spiritu.
1084 1798 1202 1838 Haec
1243 1798 1358 1838 enim
1387 1798 1465 1839 tria
1497 1814 1584 1839 esse
1612 1798 1659 1839 in

226 1878 404 1920 homine
443 1876 634 1930 designat
671 1877 726 1918 ad
765 1874 1163 1918 Thessalonicenses
1200 1875 1412 1926 scribens,
1455 1893 1553 1917 cum
1592 1875 1658 1917 di-

344 2038 388 2095 ι)
419 2037 549 2079 Rom.
581 2037 613 2088 Ι,
643 2038 709 2081 13.
829 2036 877 2092 2)
910 2035 1036 2079 Rom.
1068 2036 1100 2086 ῐ,
1128 2036 1166 2078 9.

342 2108 390 2166 ³)
420 2108 527 2150 Msc.
549 2124 679 2149 unus:
712 2109 976 2156 „secundum
1001 2107 1119 2163 quod
1140 2106 1241 2148 dicit
1256 2121 1336 2162 per
1358 2105 1657 2162 p1·0phctam.“

225 2166 276 2208 R.
307 2191 361 2199 —-
393 2164 480 2206 Cfr.
511 2159 594 2207 Jss.
625 2164 780 2214 XLIII,
811 2166 878 2208 12.

343 2236 390 2292 ¹²)
421 2238 512 2277 Act.
543 2235 575 2285 I,
605 2233 666 2278 8.’

345 2306 391 2361 ⁵)
421 2306 574 2347 Matth.
604 2305 668 2355 X,
697 2307 765 2349 32.
796 2331 852 2338 —-
892 2306 1012 2346 Alter
1040 2303 1144 2347 BIsc.
1187 2316 1226 2345 et
1267 2304 1367 2346 editi
1404 2304 1463 2361 (e.
1495 2321 1529 2345 c.
1562 2305 1656 2347 cdd.

225 2361 337 2417 MA)
368 2362 469 2417 „qui
502 2364 716 2403 consessus
738 2363 866 2403 suerit
887 2378 969 2411 me,
1001 2373 1040 2402 et
1059 2377 1136 2413 ego
1161 2362 1403 2402 confitebor
1425 2366 1562 2409 eum‚“
1580 2372 1656 2402 etc.

227 2418 314 2461 Sed
346 2418 500 2460 caeteri
528 2418 627 2459 Mss.
659 2430 699 2459 et
731 2417 934 2460 Rabanus
965 2429 1012 2459 ut
1041 2419 1086 2459 in
1116 2429 1240 2459 textu.
1272 2418 1321 2457 R.

342 2487 390 2545 6)
420 2487 545 2529 Rom.
578 2488 609 2537 1,
640 2488 680 2530 9.

345 2557 389 2614 ⁷)
420 2557 494 2600 Ev.
526 2558 683 2599 Joann.
704 2557 776 2605 IV,
806 2558 874 2600 23.
895 2582 945 2588 —
967 2556 1066 2598 Mss.
1097 2556 1279 2612 aliquot:
1312 2555 1476 2607 „veniet
1507 2555 1653 2604 hora‚“

227 2627 305 2656 etc.
350 2615 471 2656 Alter
500 2613 605 2656 Msc.
648 2614 851 2664 „mulier,
892 2614 1004 2654 venit
1044 2614 1209 2667 hora,“
1249 2624 1325 2654 etc.
1385 2612 1471 2656 Sed
1503 2611 1656 2654 caeteri

225 2670 325 2714 Mss.
356 2682 396 2712 et
426 2671 526 2713 editi
557 2671 618 2726 (e.
650 2688 683 2714 c.
715 2672 809 2712 edd.
840 2669 925 2724 M.)
956 2681 1001 2710 ut
1032 2670 1075 2710 in
1106 2680 1229 2710 textu.
1269 2669 1319 2711 R.

342 2740 389 2796 ⁸)
419 2741 531 2782 Edd.
562 2739 757 2782 NIcrlini:
789 2739 875 2781 Sed
907 2752 946 2781 et
975 2739 1133 2780 Paulus
1165 2751 1240 2781 etc.

341 2809 388 2867 ⁹)
420 2811 532 2853 Edd.
564 2809 759 2852 Merlini:
793 2810 989 2852 domino.
1022 2833 1074 2841 —
1106 2810 1193 2853 Cfr.
1226 2809 1351 2851 Rom.
1383 2808 1415 2859 I,
1444 2809 1485 2854 9.

317 2879 390 2938 ¹⁰)
420 2881 589 2924 Desunt
618 2881 766 2924 verba:
799 2881 870 2933 „id
902 2886 999 2933 est‚“
1030 2881 1073 2922 in
1106 2881 1199 2922 edd.
1232 2879 1416 2922 Merlini.
