1788 3111
484 108 926 154 COMMENTAMORUM
954 112 1046 153 Lm.
1076 111 1128 155 II.
1431 114 1514 158 159

96 224 269 282 „tibi¹)
308 225 388 268 soli
424 224 658 281 peccavi“,
698 241 720 265 a
752 240 838 280 quo
868 225 962 266 solo
979 223 1025 279 ²)
1064 240 1238 280 possum
1277 223 1513 282 dijudicari.

95 304 207 344 Nam
244 303 431 343 humana
447 301 495 357 3)
538 301 624 343 dies
664 299 897 358 dijudicare
936 317 1028 341 non
1062 313 1204 356 potest
1238 301 1512 357 spiritualem.

97 380 185 422 Sed
216 391 255 420 et
284 381 402 435 quod
440 377 647 433 sequitur,
688 379 743 419 ad
777 378 892 418 hunc
933 376 1102 432 respicit
1141 394 1333 419 sensum:
1376 380 1513 433 ‚,ut⁴)

95 455 330 514 justificeris
368 456 413 496 in
450 454 716 497 sermonibus
754 453 858 504 tuis,
898 465 936 495 et
964 453 1105 494 vincas
1146 471 1242 495 cum
1273 453 1513 511 judicmisf‘

97 534 324 574 Judicatur
366 549 552 588 namque
594 531 712 572 Deus
756 530 801 572 in
846 530 1202 586 disputationibus
1248 532 1514 586 sapientium,

98 613 200 652 dum
235 611 303 651 alii
334 611 417 650 hoc
447 610 606 657 modo,
643 608 715 648 alii
746 608 852 658 alio,
892 619 932 648 et
962 607 1121 648 diverse
1151 607 1303 658 singuli
1334 610 1386 649 de
1415 609 1512 650 Deo

96 688 292 728 sentiunt.
350 685 445 740 Ipse
476 701 574 725 vero
608 683 737 725 vincit
769 701 863 733 eos,
903 684 976 739 qui
1007 685 1060 724 de
1089 699 1132 723 se
1160 681 1374 740 judicant,
1417 702 1513 727 cum

97 763 333 805 errantibus
365 761 523 803 cunctis
552 777 672 802 suam
704 762 757 802 de
780 777 836 811 se,
866 762 1090 816 quomodo
1122 761 1186 801 vel
1217 761 1396 815 qualiter
1426 778 1516 802 cre-

98 843 261 882 dendus
293 856 340 880 ac
369 839 634 879 venerandus
671 838 745 888 sit,
783 839 940 879 revelat
978 838 1070 893 ipse
1105 838 1369 880 sententiam.
1428 838 1514 880 Sed

95 916 277 959 sufficiat
306 917 524 969 hucusque
552 914 685 970 spatia
714 914 893 956 secundi
921 914 1147 956 voluminis
1180 930 1262 956 esse
1290 917 1515 970 producta.

94 993 249 1035 Nescio
282 1008 367 1047 quo
401 991 616 1047 etenim5)
646 1002 795 1046 pacto,
839 992 940 1032 dum
971 992 1085 1048 piget
1115 992 1330 1041 omittere,
1368 992 1400 1033 si
1431 1008 1515 1047 qua

97 1068 382 1125 explanationi
410 1067 643 1109 necessaria
674 1080 966 1119 suggerantur,
998 1069 1230 1110 evolvimur
1253 1086 1275 1110 a
1293 1069 1514 1110 brevitate:

97 1162 248 1200 quam,
292 1145 325 1187 si
370 1162 434 1186 res
472 1156 711 1200 pateretur,
758 1145 984 1201 lectorisss)
1028 1146 1196 1187 fastidio
1249 1147 1516 1187 consulentes

98 1237 358 1277 magnopere
393 1238 556 1263 servare
588 1237 852 1277 cuperemus.

219 1379 262 1434 Ι)
291 1379 446 1420 Psalm.
477 1378 543 1428 LI,
565 1379 604 1420 4,
637 1378 731 1434 (L.)
849 1379 895 1434 ²)
925 1381 1035 1422 Edd.
1068 1380 1264 1423 Merlini:
1293 1382 1444 1424 solum.

213 1450 257 1504 3)
289 1451 309 1489 Ι
342 1449 440 1490 Cor.
473 1449 545 1498 IV,
575 1452 613 1492 3.
734 1449 780 1505 4)
810 1449 964 1491 Psalm.
994 1450 1062 1500 LI,
1088 1451 1126 1492 4.
1157 1452 1249 1507 (L.)

215 1518 258 1573 ⁶)
290 1519 422 1560 Deest
451 1519 660 1568 „etenim“
693 1519 737 1560 in
772 1521 867 1561 edd.
898 1520 959 1560 M.

211 1588 257 1642 ⁶)
287 1587 364 1630 Ed.
382 1587 441 1631 M.
459 1589 518 1630 II:
539 1589 708 1631 lectoris
726 1589 941 1632 fastidium
958 1589 1144 1641 vitantes,
1161 1606 1422 1648 magnopere
1438 1604 1514 1634 etc.
