1788 3111
357 147 487 189 Ome.
521 145 676 188 Comm.
709 158 756 186 m
785 145 863 186 Ep.
893 156 952 186 AD
987 143 1168 185 ROMAN.
1199 143 1290 185 Lm.
1320 144 1350 186 I.
1510 147 1560 188 11

141 262 362 303 militatem
395 260 554 301 dictum
573 269 783 314 putemus,
816 273 944 313 quam
966 255 1182 298 Dominus
1215 256 1374 306 docuit,
1397 256 1561 297 dIcens:

141 338 316 391 „discite
334 337 376 394 1)
408 354 432 379 a
460 353 550 388 me,
591 335 688 392 quia
717 335 828 377 mitis
861 352 967 386 sum,
999 346 1040 375 et
1069 332 1240 375 humilis
1272 334 1442 384 corde,“
1470 350 1561 374 non

97 464 100 466 ¹
144 415 389 458 errabimus.
457 415 608 469 Neque
631 412 678 469 2)
723 412 835 453 enim
873 429 951 468 per
988 412 1071 452 hoc
1110 411 1304 452 laedetur
1326 410 1371 467 3)
1411 411 1562 453 veritas

142 492 348 534 libertatis
386 491 432 532 in
470 491 620 532 Paulo.
687 489 805 530 Dicit
845 489 958 530 enim
1002 500 1042 529 et
1079 488 1190 545 ipse:
1235 505 1361 538 „narn
1379 487 1423 543 4)
1465 505 1563 529 cum

141 565 252 605 liber
294 563 372 605 sim
419 561 535 614 ab5)
585 559 806 610 omnibus,
853 560 1052 601 omnibus
1110 578 1180 601 me
1225 575 1392 600 servum
1440 559 1563 600 seci.“

145 640 283 684 Scrvit
314 657 412 693 ergo
447 638 639 688 Christo,
669 654 761 678 non
790 637 836 677 in
865 637 1015 693 spiritu
1046 636 1265 686 servitutis,
1298 637 1372 677 sed
1402 636 1446 676 in
1476 636 1561 691 spi—

143 719 227 759 ritu
259 716 522 773 adoptionis,
563 715 661 771 quia
694 714 812 756 omni
842 714 1038 756 libertate
1075 713 1268 755 nobilior
1299 726 1358 755 est
1388 714 1562 755 servitus

145 794 311 838 Christi.
370 794 466 837 Sive
484 793 529 850 6)
563 793 679 849 quasi
710 792 898 833 imitator
929 790 1018 850 ejus
1047 790 1310 848 pronuntiet,
1344 791 1415 846 qui
1447 791 1563 832 dixe-

142 883 225 913 rat:
269 870 453 926 „ecce⁷)
486 888 562 924 ego
595 888 688 911 sum
719 870 763 910 in
802 870 946 911 medio
979 881 1185 919 vestrum,
1216 885 1307 910 non
1338 869 1445 910 sicut
1477 869 1561 909 dis-

145 950 373 999 cumbens,
413 950 489 990 sed
518 948 625 989 sicut
653 947 951 999 ministrans;“
983 959 1023 988 et
1054 946 1155 1004 ejus,
1189 947 1262 1002 qui
1291 946 1565 1002 semetipsum

143 1025 380 1075 exinanivit,
398 1025 443 1081 ⁸)
474 1027 660 1066 formam
689 1025 796 1066 servi
827 1024 1057 1080 accipiens,
1089 1036 1155 1073 ut,
1185 1023 1294 1064 sicut
1322 1023 1384 1072 iis,
1419 1023 1491 1079 qui
1520 1024 1566 1065 in

141 1105 234 1157 lege
273 1115 391 1154 sunt,
431 1104 480 1143 fit
521 1115 560 1144 et
588 1103 678 1159 ipse
717 1105 795 1144 sub
813 1103 859 1158 9)
898 1103 1007 1155 lege,
1052 1113 1093 1142 et
1121 1100 1191 1152 iis,
1234 1101 1307 1157 qui
1345 1101 1435 1141 sine
1475 1101 1567 1153 lege

143 1194 252 1230 sunt,
284 1180 466 1222 efficitur
497 1181 622 1222 etiam
651 1181 741 1236 ipse
765 1180 855 1222 sine
873 1181 976 1233 lege,
1007 1179 1066 1221 ita
1097 1191 1138 1220 et
1166 1178 1256 1234 ipse
1285 1195 1365 1234 pro
1399 1177 1474 1229 his,
1496 1179 1565 1234 ι0)

146 1259 220 1315 qui
251 1261 388 1300 adhuc
418 1258 525 1300 servi
556 1270 665 1308 sunt,
698 1270 738 1298 et
768 1259 965 1299 nondum
995 1273 1074 1312 per
1095 1255 1290 1311 spiritum
1321 1255 1565 1311 adoptionis

143 1336 190 1376 in
219 1337 459 1377 libertatem
489 1335 688 1391 perducti
718 1335 931 1384 filiorum,
962 1351 1103 1375 servus
1136 1333 1362 1383 efficiatur,
1396 1346 1565 1374 contra-

145 1414 256 1454 rium
293 1430 384 1453 non
427 1412 651 1453 videbitur.
728 1414 798 1452 Ad
836 1413 918 1452 hoc
956 1422 1099 1465 potest
1139 1410 1265 1451 etiam
1302 1410 1412 1451 illud
1453 1411 1565 1460 addi,

146 1491 264 1546 quod
296 1491 350 1530 ad
383 1488 628 1530 Corinthios
660 1488 845 1529 scribens
875 1487 991 1527 idem
1011 1487 1257 1542 Apostolus,
1278 1499 1318 1527 et
1338 1489 1389 1528 de
1408 1487 1566 1543 nuptiis

144 1567 211 1607 vel
243 1566 429 1606 castitate
457 1564 731 1620 praecipiens,
763 1576 967 1619 tanquam
999 1563 1137 1604 alieno
1161 1563 1338 1605 nomine
1358 1567 1567 1620 quaedam

146 1645 199 1684 de
228 1643 423 1683 libertate
455 1658 501 1682 ac
533 1641 728 1682 servitute
749 1641 972 1691 interserit,
1006 1641 1170 1682 dicens:
1203 1642 1459 1698 „servus¹¹)
1491 1646 1566 1683 vo-

146 1734 260 1762 catus
293 1720 365 1762 es?
397 1718 504 1760 nihil
535 1735 673 1760 cures:
706 1720 780 1759 sed
812 1718 941 1774 εἴη)
975 1719 1007 1759 si
1037 1730 1159 1774 potes
1189 1718 1300 1759 liber
1316 1719 1567 1773 fieri,magiS

266 1873 308 1929 ¹)
337 1874 489 1915 Matth.
522 1872 597 1922 XI,
627 1872 695 1915 29.

262 1944 308 1997 2)
340 1944 446 1984 ὝΙεε.
478 1944 579 1994 Reg.
609 1960 726 1983 num.
759 1942 841 1987 163
845 1943 881 1985 9.
923 1944 1101 2006 „Neque
1133 1941 1245 1982 enim
1276 1958 1354 1998 pei
1384 1944 1466 1984 hoe
1495 1961 1567 1986 ve-

144 2000 244 2041 ritas
274 2001 443 2040 laborat
471 1999 517 2039 in
544 1999 696 2039 Paulo.
701 2004 724 2022 “
785 2000 872 2040 Sed
902 1999 1055 2040 caeteri
1086 1999 1188 2040 WIss.
1232 2010 1272 2039 et
1304 1999 1404 2041 editi
1442 2002 1501 2057 (e.
1534 2019 1568 2042 c.

146 2058 241 2097 edd.
272 2057 358 2111 M.)
390 2067 439 2096 ut
468 2055 513 2095 in
543 2067 670 2095 textu.
701 2056 752 2097 R.

260 2125 307 2181 3)
338 2127 418 2167 Ed.
450 2124 605 2166 Ruaei:
637 2126 831 2166 laeditur.
949 2124 996 2180 4)
1026 2126 1047 2166 Ι
1079 2125 1178 2167 Cor.
1209 2126 1285 2176 IX,
1317 2126 1382 2168 19.

264 2194 308 2249 5)
338 2194 457 2236 Libri
496 2206 618 2235 antea
658 2195 758 2235 editi
800 2196 858 2250 (e.
891 2211 923 2234 c.
956 2196 1050 2236 edd.
1081 2195 1191 2246 BL),
1239 2207 1280 2237 et
1318 2197 1424 2237 3130.
1463 2198 1567 2250 Reg.

146 2268 264 2292 num.
295 2251 416 2294 1639.
445 2253 525 2301 „ab
559 2251 770 2301 omnibus,
801 2250 1074 2291 hominihus“
1104 2253 1182 2308 (al.
1216 2254 1440 2310 omnium)
1471 2271 1568 2305 „me

148 2324 315 2349 servum
346 2307 465 2350 iecif‘
496 2309 546 2349 R.

265 2377 310 2432 5)
342 2377 410 2419 Sic
441 2377 799 2434 Mss.ple1ique,
841 2377 1117 2429 Salodjanus,
1159 2390 1200 2420 et
1228 2379 1439 2420 WIe1linus
1472 2377 1566 2434 (ex-

149 2446 270 2490 cepta
301 2435 366 2475 ed.
395 2436 463 2484 IL,
498 2452 605 2490 quae
636 2437 782 2476 habet:
811 2451 908 2498 ‘qua
939 2452 1019 2490 pro
1053 2437 1228 2490 quasi).
1263 2436 1567 2477 Genebrardus

147 2507 268 2531 xero:
301 2490 411 2540 „sive
443 2492 541 2546 quia
571 2491 760 2532 imitatur
785 2509 892 2556 ejus
902 2491 1240 2556 plonuntiatum,
1273 2491 1346 2547 qui
1368 2491 1567 2532 dixerat.“

147 2547 252 2588 NIsc.
269 2548 370 2599 Reg.
392 2565 509 2588 num.
529 2550 648 2593 1636.
679 2548 790 2598 „sixe
823 2548 914 2604 quis
946 2564 1042 2588 eum
1072 2547 1331 2590 imitatorem
1353 2546 1442 2605 ejus
1461 2565 1565 2604 pro-

148 2603 327 2653 nuntiet,
362 2603 434 2659 qui
466 2604 662 2645 dixerat.“
693 2606 744 2646 R.

269 2673 312 2727 ⁷)
344 2673 445 2714 Luc.
476 2676 618 2724 XXII,
647 2677 715 2718 27.
863 2673 912 2730 ⁸>
941 2674 1125 2730 Philipp.
1155 2675 1210 2724 II,
1241 2675 1279 2718 7.

265 2741 311 2796 ⁹)
341 2743 361 2783 I
395 2742 493 2784 Cor.
524 2746 601 2794 IX,
632 2747 700 2789 21.
821 2745 893 2801 ¹⁰)
925 2746 1038 2786 Edd.
1067 2744 1260 2785 Merlini:
1292 2743 1354 2785 iis.

242 2809 314 2866 ¹¹)
343 2812 364 2852 I
397 2812 496 2854 Cor.
526 2815 622 2865 VII,
651 2817 850 2859 21-23,

242 2880 314 2934 ¹²)
345 2881 623 2926 Desideratur
644 2887 684 2926 h.
704 2887 748 2936 l.,
778 2887 995 2943 cs1·.p.12.
1029 2897 1115 2926 not.
1147 2887 1198 2935 8.,
1231 2898 1275 2928 el:
1306 2886 1349 2927 in
1381 2887 1477 2928 edd.
1505 2886 1566 2928 Μ.
