1788 3111
228 112 287 158 22
566 109 789 153 Omessms
817 122 865 152 m
893 109 972 152 Ep,
1000 119 1061 151 An
1093 109 1318 152 Rommos

228 225 532 285 promissiones
561 223 848 280 requirendae
883 234 1003 275 sunt,
1041 222 1088 264 in
1124 222 1347 280 prophetis
1385 223 1654 266 abundanter

229 303 431 354 invenies,
458 313 507 343 ut
536 313 596 344 est
622 301 749 342 illud:
780 299 1021 350 „Dominus
1039 299 1083 357 ¹)
1115 300 1234 341 dabit
1265 301 1445 341 verbum
1478 317 1654 354 evange-

229 381 454 423 lizantibus
495 379 645 421 virtute
688 378 881 419 multa:“
935 388 996 418 et:
1045 394 1199 434 „quam
1221 376 1267 433 2)
1305 377 1487 433 speciosi
1524 380 1654 435 pedes

232 457 610 509 evangelizantium
649 454 826 498 bona!“
912 455 982 496 Ad
1025 454 1110 496 hoc
1150 455 1381 510 respicit3)
1421 466 1482 496 et:
1524 454 1656 512 „in⁴)

233 551 409 577 omnem
438 546 595 576 terram
629 533 750 575 exivit
781 549 910 576 sonus
943 549 1117 583 eorum,
1150 545 1189 574 ct
1215 533 1259 574 in
1291 534 1395 574 fines
1428 531 1543 574 orbis
1572 543 1657 575 ter-

230 628 304 654 rae
330 612 458 653 verba
491 616 700 653 eorum:“
746 622 806 651 et:
846 609 1136 661 „velocite1-5)
1178 611 1308 652 currit
1335 627 1477 652 sermo
1511 607 1657 668 ejus:“

230 689 305 731 sed
336 700 393 730 et:
436 705 563 739 „ecce
579 688 624 744 6)
663 703 739 740 ego
771 687 894 728 mitto
932 697 1121 743 pastores
1153 688 1329 737 multos,
1369 699 1408 727 et
1437 699 1658 728 venatores

231 767 414 817 multos,
457 777 497 806 et
527 764 697 821 capient
736 780 809 806 eos
837 780 967 820 super
997 780 1172 805 omnem
1206 775 1423 813 montem,
1462 775 1502 805 et
1529 780 1659 820 super

234 860 409 886 ornnem
428 844 582 884 collem
597 846 639 882 :“
660 840 705 897 7)
734 858 813 897 per
832 841 1062 882 Jeremiam
1084 840 1361 897 promittitur,
1392 843 1512 898 quod
1541 857 1658 882 nunc

231 920 391 962 Paulus
430 919 533 961 dicit
572 919 625 960 de
664 919 921 971 Evangelio,
960 918 1058 974 quia
1098 918 1322 974 „promisit
1338 917 1384 974 ⁸)
1424 918 1542 959 Deus
1580 934 1659 974 per

231 998 463 1055 prophetas
492 1013 590 1038 suos
619 996 663 1037 in
695 996 924 1052 Sel-Ipturis
954 995 1106 1038 sanctis
1137 997 1190 1037 de
1219 996 1331 1037 Filio
1362 1000 1481 1037 su0.“

346 1076 386 1117 5.
426 1073 543 1129 „Qui
560 1073 605 1129 ⁹)
645 1072 780 1115 Filius
823 1074 1059 1114 secundum
1105 1077 1315 1114 carnem“
1364 1073 1538 1128 quidem
1577 1088 1660 1123 „ex

231 1150 394 1194 semine
424 1153 558 1193 factus
589 1162 647 1192 est
675 1150 856 1192 David.“
916 1150 1071 1193 Factus
1112 1161 1171 1193 est
1212 1161 1352 1191 autem
1389 1149 1480 1192 sine
1521 1149 1656 1191 dubio

232 1228 300 1281 id,
331 1231 450 1286 quod
479 1228 596 1285 prius
625 1245 715 1270 non
748 1239 858 1279 erat,
895 1230 1132 1269 secundum
1165 1243 1349 1269 carnem.
1408 1227 1659 1269 Secundum

353 1396 398 1453 ¹)
429 1397 582 1440 Psalm.
611 1396 805 1447 LXVIII,
834 1399 901 1442 11.
935 1396 1156 1453 (LXVII.)

349 1467 397 1524 ²)
427 1469 510 1509 Jes.
542 1467 632 1518 LII,
662 1469 699 1511 ’7.
732 1468 830 1509 coll.
860 1467 989 1508 Rom)
1018 1466 1075 1516 X,
1106 1468 1172 1509 15.

349 1539 396 1594 3)
425 1539 506 1580 Ed.
535 1538 597 1579 M.
630 1539 677 1580 1:
719 1538 936 1594 „respicitz
977 1549 1016 1579 et
1046 1539 1100 1579 ad
1133 1541 1334 1579 omnem“
1372 1547 1463 1587 etc„
1504 1537 1567 1578 ed.
1598 1535 1660 1577 M.

234 1595 296 1637 II:
326 1595 523 1651 „respicit
554 1607 612 1635 et:
650 1596 718 1636 Ad
750 1599 964 1637 omnem.“
1629 1598 1632 1602 ’

351 1664 398 1720 4)
429 1665 583 1707 Psalm.
614 1664 735 1715 XIX,
766 1665 804 1706 4.
836 1663 1043 1720 (XVIIl.)
1292 1706 1294 1709 ,

353 1735 399 1791 5)
429 1736 584 1777 Psalm.
616 1733 824 1784 CXLVII,
854 1736 922 1777 15.
1040 1733 1087 1790 6)
1116 1735 1273 1776 Jerem.
1304 1730 1422 1782 XVI,
1450 1731 1517 1774 16.

351 1806 397 1860 7)
427 1805 538 1846 Edd.
577 1803 754 1847 Merlini
795 1806 885 1859 (ed.
915 1805 964 1846 R.
1003 1804 1047 1844 in
1087 1804 1221 1844 notis:
1262 1802 1427 1858 eslim:
1464 1802 1661 1852 „collem.

237 1863 321 1904 Per
360 1861 593 1903 Jeremiam
634 1862 920 1917 promittitur,
961 1862 1080 1915 quod
1121 1877 1237 1901 nunc
1271 1860 1430 1900 Paulus
1469 1859 1570 1900 dicit
1609 1859 1662 1900 de

234 1919 510 1971 Evangelio,“
533 1929 608 1959 etc.
653 1918 733 1958 Ed.
754 1917 806 1960 R.
835 1918 880 1959 in
910 1929 1043 1958 textu:
1074 1917 1269 1966 „collcm.
1320 1915 1405 1956 Per
1427 1915 1660 1956 Jeremiam

236 1972 503 2031 promittitur
533 1976 586 2015 de
614 1974 866 2026 Evangelio,
908 1974 1026 2029 quod
1055 1990 1171 2014 nunc
1201 1972 1358 2014 Paulus
1390 1972 1531 2021 dicit,“
1571 1982 1662 2020 etc„

236 2034 281 2074 in
311 2032 441 2073 notis:
483 2031 634 2081 „editi“
667 2042 743 2073 ete.
784 2029 883 2087 (cfr.
914 2041 1003 2070 not.
1034 2028 1120 2086 huj.
1151 2029 1224 2070 lin.
1257 2030 1294 2071 1.
1326 2040 1364 2069 et
1393 2028 1469 2081 2.).
1527 2027 1660 2077 ‚,Msc.

236 2105 345 2130 unus
376 2087 494 2129 addit
523 2101 704 2144 quoque
734 2099 831 2128 ante
857 2086 1160 2142 promittitur.
1221 2083 1390 2126 Caeteri
1410 2084 1510 2127 Mss.
1541 2096 1588 2126 ut
1616 2085 1662 2126 in

236 2149 390 2186 textu.“
421 2143 473 2186 R.

355 2213 402 2268 ⁸)
431 2215 558 2256 Rom.
573 2215 605 2266 I,
622 2215 661 2258 3.
682 2239 735 2247 ·—
762 2213 1087 2256 Edd.Me1-lini:
1118 2212 1253 2268 Quod
1285 2213 1395 2256 filius
1424 2214 1661 2256 secundum

240 2286 412 2311 carnem
444 2286 490 2310 ex
520 2271 681 2313 semine
710 2271 854 2312 David
882 2273 1027 2312 factus.

355 2339 402 2395 9)
434 2339 504 2380 Sic
537 2341 652 2382 hunc
692 2341 838 2382 locum
880 2352 1193 2382 commemorat
1221 2339 1472 2396 Pamphilus
1501 2351 1663 2398 martyr

236 2395 283 2437 in
305 2395 517 2452 Apologia
548 2413 629 2452 pro
657 2396 856 2448 Origine:
887 2398 1048 2450 „Quod
1079 2397 1336 2451 promiserat
1364 2413 1443 2452 per
1470 2397 1662 2452 prophe-

236 2463 298 2494 tas
331 2469 429 2494 suos
460 2453 504 2492 in
536 2453 766 2508 Scripturis
797 2454 948 2494 sanctis
981 2455 1033 2494 de
1063 2453 1175 2493 Filio
1205 2470 1298 2502 suo,
1330 2453 1403 2508 qui
1433 2453 1566 2494 sactus
1603 2465 1662 2494 cst

236 2509 472 2550 secundum
515 2525 685 2549 carnem
727 2525 773 2549 ex
810 2509 972 2550 semine
1011 2509 1163 2550 David.
1225 2509 1379 2550 Factus
1418 2520 1499 2559 est,
1543 2512 1660 2564 quod

239 2575 336 2605 ante
365 2581 454 2605 non
487 2576 585 2606 erat.
634 2565 907 2607 Manifestum
933 2565 1047 2606 enim
1071 2576 1142 2614 est,
1173 2566 1269 2620 quia
1299 2567 1535 2607 secundum
1569 2581 1660 2606 cnr-

236 2636 338 2661 nem
376 2637 467 2661 non
499 2631 587 2661 erat
625 2622 761 2676 prius:
801 2622 1036 2663 secundum
1065 2620 1259 2675 spiritum
1299 2638 1399 2662 vero
1433 2633 1521 2662 crat
1552 2633 1661 2671 ante,

239 2689 280 2717 et
308 2693 398 2717 non
430 2688 517 2718 crat
548 2679 721 2732 quando
754 2694 842 2719 non
877 2683 1000 2718 erat.“
1031 2677 1079 2717 R.
1110 2703 1165 2709 -—
1197 2677 1261 2718 Cf.
1283 2679 1346 2719 cd.
1368 2677 1501 2718 Ruaci
1536 2677 1659 2718 Tom.

238 2731 311 2772 IV.
343 2744 381 2773 et
401 2733 573 2788 quidem
597 2733 711 2789 Opp.
744 2735 795 2774 ω]
833 2733 948 2786 Orig.
978 2734 1257 2790 spectantium
1284 2751 1325 2790 p.
1344 2734 1412 2776 25.
1445 2735 1543 2775 coll.
1565 2735 1660 2775 cdd.

239 2788 413 2829 Merlini
453 2788 566 2830 Tom
608 2789 678 2832 IV.
723 2801 763 2830 ct
804 2790 975 2845 quidem
1017 2792 1080 2833 cd.
1124 2790 1182 2830 M.
1216 2791 1245 2830 l.
1287 2791 1362 2832 sol.
1396 2789 1554 2843 CLIV.,
1594 2792 1658 2832 cd.

239 2858 341 2886 vero
372 2845 433 2886 M.
468 2844 520 2886 II.
551 2847 626 2887 sol.
660 2845 803 2888 CLIII.
