1788 3111
499 112 938 155 COMMENTAmoRUM
969 110 1060 153 Lm.
1089 110 1141 153 ΙΙ.
1447 109 1530 156 129

112 243 135 268 a
173 225 373 279 sanguine
404 237 443 267 et
474 242 495 267 a
532 225 755 267 suffocato.
812 225 975 264 Verum
1012 224 1189 264 fortasse
1230 222 1439 278 requires,
1479 221 1527 272 si,

111 314 159 344 ut
189 303 242 343 de
271 302 480 356 sanguinis
513 300 776 343 observantia
806 299 967 349 claruit,
997 299 1054 340 ita
1086 299 1211 340 etiam
1241 300 1294 340 de
1317 301 1526 340 suffocato

112 380 337 429 doceatur,
377 392 520 420 utrum
552 377 790 420 communis
819 377 915 419 filiis
945 377 1073 418 Israel
1104 393 1199 417 cum
1231 377 1399 417 advenis
1431 377 1528 417 data

110 456 162 498 sit
198 457 275 506 lex,
308 455 404 511 quia
436 456 559 497 etiam
591 456 643 495 de
672 455 753 495 hoc
784 455 1008 494 observare
1036 453 1194 494 Gentes
1217 452 1524 508 Apostolorum

109 544 260 573 statuta
300 533 542 573 decernunt.
601 531 735 581 Audi,
775 547 903 586 quam
945 531 1216 570 observanter
1247 529 1371 570 etiam
1401 546 1528 585 super

110 610 191 650 hoc
223 610 266 650 in
296 609 379 650 Dei
408 608 568 661 legibus
600 620 771 648 cautum
800 608 863 648 sit.
920 608 1106 658 „Homo‚
1127 605 1169 661 ¹)
1200 608 1345 656 hom0‚
1375 605 1528 662 inquit,

111 703 158 726 ex
188 685 282 727 filiis
313 686 462 735 Israel,
495 697 534 725 et
565 702 611 725 ex
643 684 834 734 advenis,
866 683 938 739 qui
967 694 1064 724 sunt
1092 683 1137 723 in
1168 683 1305 733 vohis,
1346 683 1525 739 quicun-

111 763 193 819 {lue
221 774 393 804 venatus
421 762 550 803 fuerit
579 764 725 812 feram,
757 774 829 802 aut
847 778 978 809 avem,
1009 776 1116 815 quae
1140 759 1524 816 manducantur‚2)

109 841 302 880 effundat
331 839 576 892 sanguinem
609 838 717 896 ejus,
758 850 799 879 et
835 836 1054 893 cooperiat
1081 848 1215 886 terra,
1258 836 1355 891 quia
1386 835 1527 876 anima

110 915 247 956 omnis
279 915 412 956 carnis
443 915 606 968 sanguis
636 915 764 971 ipsius
796 921 893 956 estf‘
932 914 1043 955 Vide
1074 930 1186 965 ergo,
1219 929 1345 968 quam
1379 914 1525 954 obser-

107 1004 254 1034 vanter
282 991 516 1043 legislator,
558 992 603 1032 in
636 1009 720 1048 quo
751 993 1001 1033 mandatum
1032 1006 1260 1031 commune
1298 988 1388 1028 vult
1426 1004 1528 1039 esse,

109 1067 327 1126 conjungit
356 1069 536 1109 advenas
567 1069 662 1110 filiis
681 1069 822 1118 Israel,
852 1067 897 1108 in
929 1083 1014 1123 quo
1040 1083 1138 1107 vero
1155 1066 1200 1121 3)
1229 1065 1424 1121 specialia
1456 1066 1529 1106 dat

108 1157 354 1200 praecepta,
386 1161 410 1185 3
440 1145 593 1200 quibus
625 1163 672 1187 ea
704 1147 803 1188 velit
834 1143 1046 1186 observari
1078 1142 1303 1196 distinguit.
1363 1144 1528 1184 Verum

110 1221 313 1278 quoniam
341 1220 452 1261 inter
479 1222 563 1272 illa,
598 1239 704 1278 quae
736 1224 788 1264 de
818 1221 1002 1263 Levitico
1035 1220 1226 1276 superius
1256 1219 1529 1275 protulimus,

109 1298 234 1339 etiam
277 1299 360 1338 hoc
389 1297 592 1353 scriptum
633 1300 835 1340 refertur:
880 1296 1122 1353 „hom0‚4)
1163 1297 1295 1338 homo
1340 1314 1387 1338 ex
1430 1296 1526 1337 filiis

107 1375 259 1424 Israel,
302 1374 366 1414 vel
398 1390 444 1414 ex
476 1375 667 1425 advenis,
701 1375 772 1430 qui
803 1386 899 1416 sunt
928 1374 973 1414 in
1001 1374 1074 1424 iis,
1106 1372 1351 1428 quicunque
1381 1372 1529 1413 fecerit

108 1452 428 1500 holocaustum,
471 1462 542 1491 aut
581 1451 856 1500 sacrificium,
897 1462 938 1492 et
975 1452 1029 1491 ad
1071 1449 1226 1490 ostium
1264 1448 1529 1489 tabernaculi

107 1526 338 1568 testimonii
366 1543 457 1567 non
488 1527 709 1568 adduxerit
738 1529 877 1568 facere
906 1527 1014 1568 illud
1037 1526 1244 1575 Domino,
1276 1525 1527 1566 extermina-

105 1603 222 1643 bitur
263 1603 394 1643 homo
435 1603 508 1644 ille
550 1605 603 1644 de
642 1605 807 1659 populo
847 1609 982 1645 suo:“
1031 1615 1071 1643 et
1114 1619 1192 1658 per
1234 1602 1316 1642 hoc
1360 1600 1529 1642 videtur

106 1679 231 1721 etiam
260 1681 445 1720 advenae
475 1690 515 1720 ct
546 1680 599 1720 (10
628 1679 837 1721 sacrificiis
867 1679 1042 1736 injungi,
1075 1690 1116 1719 et
1138 1677 1310 1719 ecclesia
1338 1694 1383 1718 ex
1408 1677 1538 1718 Gen-‘

105 1757 217 1797 tibus
250 1756 480 1797 offerendis
519 1748 775 1798 holocaustis
793 1758 837 1813 5)
877 1755 1062 1798 obnoxia
1099 1754 1213 1796 fieri:
1259 1753 1384 1795 etiam
1422 1755 1526 1795 haec

106 1832 344 1886 diligentius
374 1835 527 1884 verba,
570 1845 610 1874 et
638 1834 844 1892 syllabae,
885 1846 933 1874 ut
962 1833 1019 1874 ita
1051 1832 1208 1881 dicam,
1241 1832 1529 1872 observandae

105 1922 203 1951 sunt
232 1909 344 1962 legis.
404 1910 476 1951 Ait
507 1910 640 1960 enim,
678 1910 711 1951 si
743 1911 916 1960 „fecerit
930 1910 975 1968 6)
1008 1911 1328 1958 holocaustum,
1366 1908 1431 1948 vel
1462 1924 1527 1948 sa-

105 1986 366 2037 orificium,“
406 1999 456 2027 ut
494 1988 693 2028 adhibeat
731 1987 861 2029 illud:
905 1989 986 2038 „ad
1004 1988 1048 2043 7)
1081 1985 1234 2027 ostium
1263 1983 1527 2025 tabernaculi

104 2063 373 2104 testimonii.“
431 2065 516 2104 Lex
546 2081 648 2113 non,
679 2075 726 2104 ut
757 2065 893 2115 saciat,
926 2063 1058 2121 jubet,
1089 2064 1175 2112 sed,
1207 2061 1240 2102 si
1273 2063 1384 2101 sorte
1414 2062 1526 2101 sece-

105 2139 178 2190 rit,
222 2141 442 2195 quomodo
482 2141 621 2180 facere
665 2141 836 2191 debeat,
882 2141 1020 2181 docet.
1085 2138 1259 2179 Certum
1301 2147 1361 2177 est
1401 2135 1526 2184 enim,

104 2233 184 2257 nec
227 2216 413 2257 dubitari
456 2228 615 2272 potest,
666 2217 783 2271 quod
825 2217 926 2257 dum
970 2212 1277 2272 Hierosolymis
1316 2213 1526 2268 templum

105 2304 329 2345 constaret,
363 2305 403 2334 et
432 2293 578 2346 religio
608 2293 799 2348 patribus
829 2293 979 2334 tradita
1010 2293 1176 2345 vigeret,
1206 2288 1379 2346 plurimi
1401 2288 1525 2330 etiam

223 2410 266 2466 ¹)
298 2410 467 2452 Levitic.
498 2412 636 2461 XVH,
668 2413 734 2455 13.
766 2413 830 2456 14.

221 2479 267 2536 2)
298 2481 411 2521 Edd.
441 2480 636 2521 Merlini:
669 2481 962 2522 manducatur⁸
1011 2478 1096 2522 Csr.
1126 2478 1153 2522 l.
1186 2478 1212 2518 l.
1244 2493 1347 2518 vers.
1378 2477 1444 2520 13.

221 2548 268 2605 3)
301 2550 434 2590 Deest
463 2556 617 2599 „vero“
647 2550 691 2591 in
723 2551 818 2591 edd.
848 2549 909 2590 M.

222 2616 268 2672 4)
297 2618 465 2660 Levitic.
495 2620 634 2669 XVII,
662 2620 702 2663 8.
731 2619 770 2663 9.

226 2684 270 2740 ⁵)
299 2688 430 2729 Deest
460 2688 771 2739 „holocaustis“
799 2687 846 2729 in
875 2688 939 2729 ed.
974 2687 1255 2729 Genebrardi.
1285 2688 1338 2728 R.

225 2753 271 2808 6)
299 2755 410 2797 Edd.
428 2758 600 2799 Merlini
618 2760 658 2801 h.
681 2759 709 2800 l.
730 2759 863 2800 male:
896 2757 1035 2799 suerit.
1082 2757 1168 2801 Cfr.
1187 2755 1318 2798 Levit.
1334 2756 1472 2807 XVII,
1489 2755 1527 2798 8.

225 2821 270 2877 ⁷)
299 2824 469 2867 Levitic.
498 2827 637 2877 XVII,
669 2827 707 2870 9.

105 2898 328 2943 Omessms
359 2900 528 2944 OPERA.
570 2903 689 2947 ToM.
720 2905 791 2947 vl.
1172 2903 1201 2945 9
