1788 3111
492 117 940 161 CommssmAmonum
966 116 1062 161 LIB.
1095 116 1169 160 III.
1465 118 1552 162 229

123 231 284 273 veniret
301 230 344 285 1)
373 231 620 288 „plenitudo
643 243 888 286 temporum
903 234 939 271 :“
969 241 1009 271 et
1033 229 1140 271 sicut
1167 229 1346 273 dicimus
1361 245 1552 273 necessa-

122 305 233 348 rium
265 323 352 349 esse
381 325 488 363 opus
517 307 764 363 paedagogi,
795 308 934 348 donec
964 307 1164 363 parvulus
1196 318 1254 348 est
1283 307 1339 357 is,
1369 307 1441 362 qui
1470 309 1549 349 sub

120 386 371 439 paedagogo
404 397 473 435 est,
505 385 660 426 destrui
689 395 829 425 autem
851 396 890 424 et
912 400 1004 425 non
1030 399 1117 426 esse
1143 384 1426 425 necessarium
1453 385 1550 426 offi-

123 460 236 501 cium
267 462 514 516 paedagogi,
548 477 644 502 cum
676 462 731 502 ad
759 460 1069 516 perfectionem
1100 460 1262 501 venerit
1288 460 1335 508 is,
1368 459 1440 515 qui
1469 461 1548 502 sub

120 539 370 593 paedagogo
401 538 501 580 fuit:
531 539 588 580 ita
621 538 799 579 dicimus
831 536 987 578 destrui
1013 535 1098 593 jam
1130 554 1236 591 opus
1263 535 1375 587 legis,
1410 536 1486 577 ubi
1503 536 1548 592 ²)

122 615 317 663 „advenit
345 614 566 670 plenitudo
599 615 842 671 temporis‚“
875 626 914 654 et
942 615 1067 664 filius,
1109 613 1182 669 qui
1220 613 1451 668 aliquando
1483 613 1550 654 ni—

121 691 182 731 hil
213 690 437 731 differebat
467 708 490 732 a
518 708 660 741 servo,
691 692 837 733 haeres
867 692 999 732 factus
1039 702 1098 731 est
1125 702 1328 747 paternae
1357 691 1549 732 substan-

123 766 219 809 tiae.
278 767 414 821 Quod
446 780 587 809 autem
620 768 725 809 hacc
754 768 872 824 ita3)
904 770 1087 809 debeant
1115 767 1305 820 intelligi,
1336 782 1444 822 quae
1476 768 1550 808 de—

119 847 318 886 struenda
371 846 557 900 appellat
593 845 847 900 Apostolus,
900 846 1254 886 consuetudinem
1295 843 1382 901 ejus
1420 861 1550 901 super

120 922 204 962 hoc
234 923 446 962 vocabulo
480 923 604 962 etiam
634 922 678 963 in
711 922 800 962 aliis
830 922 966 972 disce,
995 923 1071 963 ubi
1103 922 1227 963 dicit:
1260 939 1333 973 „ex
1349 922 1394 979 4)
1426 934 1548 978 parte

118 1000 293 1047 scimus,
332 1010 371 1040 et
409 1015 455 1039 ex
494 1011 615 1054 parte
654 999 975 1055 prophetamus.
1042 998 1153 1039 Cum
1196 1011 1336 1040 autem
1377 998 1549 1048 venerit,

119 1076 238 1129 quod
267 1076 502 1129 perfectum
537 1088 606 1125 est,
641 1078 909 1118 destruentur
943 1093 1012 1127 ea,
1042 1093 1152 1132 quae
1185 1093 1230 1117 ex
1260 1087 1381 1132 parte
1411 1080 1546 1118 sunt.“

117 1150 173 1191 Et
202 1151 245 1191 in
276 1152 360 1192 hoc
395 1153 496 1194 loco
539 1153 712 1194 scientia
744 1153 867 1194 Pauli
895 1155 959 1194 vel
993 1153 1220 1210 prophetia
1254 1153 1410 1194 destrui
1442 1152 1547 1193 dici-

119 1239 189 1267 tur
219 1231 376 1283 absque
405 1229 561 1286 injuria
591 1230 866 1285 Apostolicae
896 1229 1070 1281 gratiae:
1115 1246 1200 1286 quo
1239 1229 1396 1270 scilicet
1424 1229 1548 1269 intel-

121 1304 312 1355 ligamus,
347 1307 400 1346 ad
431 1305 800 1361 comparationem
829 1309 1117 1363 perfectorum
1156 1322 1306 1346 vacare
1336 1317 1375 1346 et
1411 1306 1547 1346 otiosa

123 1396 232 1430 esse,
274 1398 383 1436 quae
427 1382 675 1438 imperfecta
715 1395 822 1424 sunt.
894 1384 957 1424 Ita
1003 1399 1102 1435 ergo
1136 1383 1234 1436 et⁵)
1262 1383 1306 1423 in
1336 1382 1547 1437 praesenti

122 1473 321 1499 sermone
348 1457 506 1499 Paulus
546 1458 720 1514 quidem
760 1461 895 1510 legem
932 1477 1024 1501 non
1058 1459 1252 1509 destruit,
1281 1461 1354 1501 scd
1388 1460 1546 1499 confir-

119 1546 217 1575 mat.
279 1534 429 1576 Gloria
462 1547 602 1576 autem
636 1535 791 1577 Christi
824 1554 921 1577 cum
950 1538 1130 1578 revelata
1162 1537 1300 1584 fuerit,
1332 1552 1424 1576 eam
1456 1536 1547 1585 glo-

118 1610 250 1661 riam,
279 1627 388 1666 quae
427 1613 624 1667 apparuit
654 1614 698 1653 in
728 1613 875 1664 Mose,
907 1625 947 1654 et
977 1631 1024 1654 ex
1055 1630 1138 1669 qua
1170 1613 1423 1664 glorificatus
1453 1613 1547 1652 fue·-

118 1699 194 1736 rat,
222 1688 312 1743 ipsa
353 1689 677 1744 comparatione
706 1689 784 1739 sui,
813 1707 895 1745 qua
924 1689 1233 1746 supereminet,
1273 1700 1313 1729 et
1342 1689 1546 1738 confutat,

121 1775 159 1804 et
187 1763 333 1815 arguit,
365 1776 404 1805 et
435 1766 617 1806 ostendit
647 1782 728 1806 nec
758 1766 938 1818 gloriam
970 1766 1381 1823 computandam.⁶)
1439 1756 1547 1806 Tale

120 1853 179 1882 est
209 1853 248 1881 et
278 1843 396 1896 quod
429 1842 531 1883 alibi
572 1843 748 1884 dicitur:
788 1842 937 1892 „illum
958 1843 1002 1898 7)
1041 1855 1211 1899 oportet
1248 1859 1447 1893 crescere,
1475 1859 1546 1883 me

119 1929 259 1959 autem
288 1919 423 1960 minui
437 1925 472 1959 :“
503 1930 543 1959 et
573 1921 691 1974 quod
720 1920 810 1975 ipse
845 1919 1003 1961 Paulus
1033 1920 1155 1961 dicit:
1187 1937 1310 1970 „cum
1328 1919 1374 1975 8>
1405 1930 1547 1960 autem

117 1996 252 2036 factus
280 2012 374 2036 sum
405 1995 478 2045 vir,
510 1995 694 2037 destruxi
725 2012 834 2051 quae
864 2008 982 2037 erant
1009 1997 1215 2052 parvuli.“
1273 1995 1372 2037 Hoc
1404 2007 1545 2038 osten-

120 2070 182 2110 dit
213 2082 251 2110 et
280 2070 512 2112 similitudo
544 2072 800 2127 paedagogi,
832 2071 950 2128 cujus
982 2090 1089 2129 opus
1122 2074 1348 2115 destruitur
1388 2084 1427 2113 et
1457 2089 1545 2114 ces-

119 2141 206 2196 sats
226 2164 321 2187 cum
338 2146 383 2202 ⁹)
414 2148 467 2187 ad
497 2150 728 2202 perfectam
760 2159 935 2188 aetatem
975 2150 1135 2190 venerit
1163 2150 1375 2205 parvulus.
1434 2148 1544 2189 Pro-

119 2235 263 2278 pterea
303 2239 402 2275 ergo
444 2225 679 2267 cautissime
719 2224 820 2265 dixit
857 2225 1113 2281 Apostolus:
1154 2225 1400 2281 „legem¹⁰)
1444 2241 1542 2278 ergo
1577 2221 1580 2225 ⁴

237 2355 282 2410 1)
316 2355 452 2397 Galat.
482 2356 554 2404 IV,
584 2355 623 2397 4.
742 2356 789 2413 2)
824 2356 961 2401 Galat.
994 2359 1065 2408 lV,
1094 2359 1134 2401 4.

231 2426 278 2482 3)
309 2426 439 2467 Deest
454 2425 498 2466 in
515 2425 632 2467 libris
654 2438 774 2468 antea
790 2428 907 2470 editis
931 2429 990 2485 (v.
1010 2447 1042 2473 c.
1057 2430 1102 2470 in
1121 2431 1216 2472 edd.
1229 2429 1315 2486 M)
1329 2447 1337 2470 :
1352 2430 1473 2480 „ita.“
1492 2431 1540 2473 R.

237 2495 283 2550 ⁴²)
315 2495 334 2534 I
365 2495 465 2537 Cor.
494 2495 611 2545 XIII,
641 2495 678 2537 9.
710 2499 775 2541 10.

238 2566 283 2620 ⁵)
316 2567 446 2607 Deest
475 2571 564 2615 „et“
591 2566 637 2606 in
669 2569 763 2608 edd.
793 2567 980 2609 IWerlini.
1011 2592 1063 2600 --
1097 2568 1185 2611 Cfr.
1216 2568 1342 2611 Rom.
1371 2569 1445 2620 III,
1473 2571 1540 2613 31.

234 2634 281 2688 ⁶)
310 2636 420 2676 Edd.
451 2635 645 2677 Merlini:
678 2639 978 2681 confitendam.

243 2703 288 2759 ⁷)
317 2706 390 2747 Ev.
420 2707 579 2747 Jonnn.
607 2706 683 2757 III,
713 2707 780 2749 30.
897 2708 944 2764 Θ)
983 2708 1000 2747 Ι
1031 2708 1132 2750 Cor.
1162 2708 1280 2759 XIII,
1309 2711 1377 2752 11.

238 2773 284 2828 ⁹)
313 2774 393 2815 Ed.
424 2776 483 2817 M.
512 2775 574 2815 II:
605 2793 702 2820 cum
733 2779 788 2820 ad
817 2790 991 2822 aetatem
1011 2782 1241 2835 perfectam
1273 2780 1433 2823 venerit
1461 2791 1540 2824 etc.

219 2842 289 2899 ¹⁰)
320 2844 445 2887 Rom.
474 2845 550 2898 111,
578 2848 644 2890 31,
