1788 3111
507 130 949 173 COMMENTAmoleM
980 131 1069 172 Lm.
1099 131 1151 173 ΙΙ.
1455 134 1536 177 107

121 245 325 287 tionalem
356 245 524 286 animae
554 245 747 285 virtutem
779 260 855 285 cor
882 245 1020 285 solere
1046 244 1275 286 nominari.
1334 246 1475 302 Atque
1494 244 1539 301 1)

121 320 364 363 testimonlo
396 338 524 363 sanae
556 320 840 363 conscientiae
869 320 930 362 uti
961 321 1192 377 Apostolus
1223 321 1324 363 dicit
1353 338 1438 372 eos,
1467 323 1541 378 qui

124 399 377 454 descriptam
411 399 630 440 continent
665 397 711 439 in
743 398 943 440 cordibus
980 399 1126 449 legem.
1184 397 1314 439 Unde
1352 415 1542 442 necessa-

124 476 236 517 rium
267 477 432 517 videtur
462 474 690 523 discutere,
721 474 823 529 quid
853 475 963 516 istud
992 474 1055 523 sit,
1086 476 1204 529 quod
1237 476 1540 517 conscientiam

126 554 356 608 Apostolus
388 563 534 593 vocat:
561 562 762 592 utrumne
793 552 871 593 alia
902 552 952 592 sit
982 552 1121 607 aliqua
1139 552 1381 601 substantia,
1413 568 1542 607 quam

129 648 217 680 cor,
247 631 312 671 vel
343 628 493 670 anima.
536 627 651 669 Haec
684 631 795 670 enim
830 627 1146 681 conscientia2)
1180 639 1217 668 et
1245 628 1346 670 alibi
1377 629 1544 679 dicitur,

126 707 222 762 quia
254 706 549 762 reprehendat,
579 722 667 745 non
690 706 1039 760 reprehendatur,
1070 715 1108 744 et
1129 703 1288 760 judicet
1308 705 1544 756 bominem,

125 801 216 824 non
245 783 333 838 ipsa
365 782 586 838 judicetur,
616 782 722 824 sicut
743 783 797 824 ait
819 783 1030 823 Joannes:
1062 781 1180 838 ,,εἰ3)
1212 783 1482 832 conscientia,
1498 782 1544 839 ⁴)

125 860 275 915 inquit,
304 871 448 900 nostra
466 859 509 914 5)
539 876 628 900 non
661 860 945 915 reprehendat
973 853 1306 908 nos,⁴f1duciam
1339 859 1546 901 habemus

127 938 182 978 ad
211 937 395 977 Beuum
451 936 506 976 Et
535 937 687 977 iterum
719 936 807 992 ipse
835 936 990 978 Paulus
1022 937 1121 977 alibi
1156 936 1269 986 dicit,
1299 935 1407 991 quia·
1427 937 1548 987 „glo-

125 1011 248 1054 riatio
269 1012 313 1068 6)
343 1024 488 1054 nostra
506 1013 607 1054 haec
630 1025 700 1062 est,
728 1013 1019 1054 testimonium
1039 1013 1320 1055 conscientiae
1339 1017 1550 1054 nostrae.“

129 1089 242 1144 Quia
275 1105 373 1141 ergo
413 1100 572 1130 tantam
611 1088 698 1145 ejus
738 1090 861 1132 video
900 1091 1159 1140 libertatem,
1194 1107 1302 1146 quae
1338 1090 1382 1130 in
1421 1092 1549 1132 bonis

128 1166 302 1223 quidem
333 1168 450 1219 gestis
481 1168 658 1218 gaudeat
694 1184 862 1223 semper
901 1179 940 1208 et
978 1169 1169 1217 exsultet,
1211 1168 1256 1209 in
1294 1168 1415 1209 malis
1444 1184 1548 1209 vero

127 1260 218 1285 non
251 1256 461 1295 arguatur,
490 1246 564 1287 sed
593 1246 728 1301 ipsam
756 1246 956 1294 animam,
989 1246 1056 1286 cui
1075 1245 1286 1294 cohaeret,
1318 1245 1551 1299 reprehen-

131 1322 202 1361 dat
233 1333 272 1361 et
302 1333 458 1373 arguat,
490 1321 688 1370 arbitror,
718 1324 837 1377 quod
866 1321 955 1377 ipse
984 1321 1035 1362 sit
1054 1321 1235 1377 spiritus,
1261 1321 1331 1376 qui
1356 1322 1409 1361 ab
1430 1324 1552 1377 Apo-

128 1398 240 1439 stolo
275 1414 360 1439 esse
392 1416 489 1438 cum
520 1399 661 1439 anima
688 1398 854 1445 dicitur,
884 1399 1119 1438 secundum
1152 1399 1271 1452 quod
1291 1398 1333 1438 iu
1356 1398 1552 1454 superio-

132 1475 249 1515 ribus
281 1475 553 1524 edocuimus,
590 1476 702 1515 velut
731 1477 997 1530 paedagogus
1030 1474 1067 1515 ei
1098 1475 1272 1530 quidam
1302 1477 1484 1516 sociatus
1515 1486 1554 1517 et

132 1562 286 1608 rector,
317 1563 364 1592 ut
393 1568 486 1592 eam
519 1553 572 1593 de
601 1551 850 1592 melioribus
880 1563 1065 1601 moneat,
1090 1553 1154 1592 vel
1186 1553 1238 1592 de
1267 1551 1401 1606 culpis
1434 1552 1556 1594 casti-

132 1640 200 1680 get
230 1639 270 1669 et
299 1639 464 1679 arguam
505 1627 619 1682 de7)
660 1644 745 1683 quo
779 1638 818 1668 et
849 1627 950 1668 dicit
980 1629 1228 1683 Apostolus,
1268 1629 1367 1683 quia
1396 1645 1552 1678 „nemo

130 1705 269 1760 scit⁸)
300 1705 539 1753 hominum,
571 1720 679 1760 quae
707 1715 804 1745 sunt
833 1704 1032 1754 hominis,
1060 1703 1139 1745 nisi
1164 1703 1332 1760 spiritus
1356 1704 1556 1756 hominis,

135 1784 209 1839 qui
238 1782 283 1824 in
313 1783 406 1838 ipso
440 1786 554 1823 est:“
601 1792 640 1822 et
671 1780 761 1837 ipse
798 1781 851 1822 sit
865 1779 910 1838 9)
954 1781 1236 1823 conscientiae
1271 1780 1462 1837 spiritus,
1502 1784 1557 1824 de

136 1877 221 1916 quo
263 1860 384 1902 dicit:
425 1859 632 1915 ‚,1⁰pse¹⁰)
671 1858 839 1915 spiritus
878 1859 1168 1901 testimonium
1209 1859 1350 1900 reddit
1389 1857 1557 1915 spiritui

133 1943 324 1979 nostro.“
380 1937 434 1978 Et
463 1939 574 1979 forte
603 1937 672 1978 hic
701 1937 792 1993 ipse
820 1936 989 1993 spiritus
1021 1947 1101 1986 est,
1132 1936 1205 1991 qui
1235 1936 1436 1978 cohaeret
1465 1937 1558 1978 ani-

258 2070 302 2125 ¹)
331 2069 578 2111 Restituitur
606 2072 799 2125 ‚,Atque“
830 2086 876 2110 ex
905 2068 1013 2110 RIse.
1043 2069 1145 2120 Reg.
1176 2086 1292 2110 num.
1318 2070 1454 2119 1639„
1484 2070 1557 2125 qui

137 2137 285 2183 postea
324 2126 471 2175 habet,
508 2126 614 2167 sicut
653 2140 692 2167 ct
723 2125 942 2167 Rabanus:
980 2125 1252 2173 „testimonia
1287 2142 1415 2167 sanae
1449 2143 1557 2166 con-

138 2183 362 2225 scientiae“
395 2194 470 2224 etc.
520 2180 686 2222 Caeteri
708 2182 804 2223 Mss.
825 2193 863 2221 et
880 2181 980 2222 editi
1005 2182 1063 2237 (e.
1085 2197 1117 2222 c.
1140 2182 1236 2222 edd.
1256 2181 1362 2234 Μ.);
1394 2181 1558 2232 „Testi-

137 2239 288 2280 monio
320 2254 421 2279 sane
451 2238 756 2279 conscientiae“
789 2250 877 2287 etc.,
909 2238 1062 2279 omisso
1094 2239 1298 2292 „Atque.“
1336 2238 1387 2280 R.

256 2308 302 2363 ²)
334 2308 464 2348 Deest
504 2308 549 2348 in
588 2319 710 2349 antea
747 2308 864 2349 editis
904 2307 962 2363 (e.
996 2324 1029 2348 c.
1059 2306 1104 2348 in
1135 2309 1230 2349 edd.
1260 2307 1368 2364 ΜΛ)
1417 2325 1558 2359 „con-

137 2364 351 2409 scientia.“
380 2363 430 2404 R.

256 2433 303 2489 3)
335 2434 353 2473 Ι
383 2434 541 2474 Joann.
573 2433 644 2483 III,
673 2435 740 2478 21.

260 2503 305 2558 ⁴)
335 2504 415 2545 Ed.
448 2504 506 2544 M.
539 2503 568 2544 Ι.
598 2505 727 2544 male:
761 2502 1075 2545 conscientiam.

258 2573 304 2630 ⁵)
338 2575 560 2615 omittitur
587 2573 631 2614 in
666 2574 784 2615 editis
814 2576 872 2630 (e.
904 2591 939 2615 c.
967 2574 1010 2615 in
1045 2576 1139 2616 edd.
1159 2574 1263 2630 Μ.);
1295 2581 1504 2625 ‚,nostra.“

259 2645 306 2691 ὅ)
337 2644 376 2684 Π
402 2643 501 2685 Cor.
533 2644 565 2692 I,
596 2646 659 2687 12.

261 2713 306 2768 7)
335 2714 446 2755 Edd.
476 2714 669 2755 Merlini:
702 2715 754 2755 de
786 2731 867 2770 qua
900 2714 1022 2755 etiam
1056 2713 1158 2755 dicit
1189 2726 1264 2755 etc.

259 2783 306 2833 3)
337 2783 356 2822 Ι
388 2784 488 2826 Cor.
516 2784 568 2833 II,
599 2786 663 2826 11.
784 2784 830 2839 ⁹)
860 2784 939 2826 Ed.
969 2784 1030 2825 ἸΜ.
1062 2785 1112 2827 Il.
1143 2786 1275 2826 male·
1304 2787 1393 2829 scit.

236 2852 308 2907 ¹⁰)
338 2853 462 2896 Rom.
491 2854 606 2904 VIII,
636 2856 702 2897 12.
734 2879 786 2886 —-
816 2854 927 2897 Edd.
956 2854 1152 2898 Flex-lini:
1185 2856 1256 2897 ille
1283 2856 1452 2912 spiritus
1484 2868 1559 2899 etc.
