1788 3111
507 100 946 143 Commnummonum
975 99 1067 141 Lm.
1097 100 1168 144 IV.
1461 101 1545 145 295

134 214 282 256 caritas
313 213 410 263 Dei,
435 212 601 269 quae')
633 210 825 253 omnium
857 210 996 269 major
1024 223 1094 262 est,
1124 223 1164 253 et
1191 229 1281 254 non
1310 213 1450 255 solum
1477 228 1545 254 re-

132 293 220 346 plet
250 302 435 331 mentem
465 300 676 338 nostram,
719 290 791 330 scd
824 299 863 329 et
899 289 1090 329 abundat
1127 304 1175 329 ac
1213 289 1465 332 diffunditur
1501 291 1546 332 in

134 366 336 408 cordibus
365 365 530 416 nostris,
559 381 639 421 pro
672 381 736 415 e0,
767 367 882 421 quod
914 382 1005 407 non
1034 365 1222 407 humana
1256 382 1280 407 a
1305 366 1429 409 nobis
1459 378 1549 408 arte

134 443 439 498 acquiritur‚²)
475 444 547 486 sed
588 458 665 498 per
703 441 877 493 gratiam
917 442 1049 483 sancti
1080 441 1259 497 Spiritus
1294 442 1545 485 infunditur.

134 518 251 560 Haec
280 521 515 561 secundum
546 519 752 560 sermonis
780 518 907 574 ipsius
939 521 1003 561 vel
1025 519 1169 560 literae
1199 519 1543 574 consequentiam

132 612 213 650 pro
231 595 276 651 3)
345 595 622 651 adapertione
669 595 908 650 Apostolici
966 595 1124 651 eloquii
1179 594 1398 651 explanata
1453 597 1543 637 sint:

132 673 258 712 Nunc
299 670 408 728 jam,
451 671 553 727 quid
590 671 769 712 interior
804 688 946 713 sensus
986 672 1220 723 contineat,
1268 672 1542 728 requiramus.

133 750 189 790 Et
217 750 358 805 primo
391 748 501 801 de4)
534 748 787 800 gloriatione
816 748 1028 789 videamus
1058 750 1176 804 quod
1207 748 1328 790 dixit:
1363 749 1541 801 „gloria—

132 826 291 880 murf’)
328 825 433 880 ἰοῦ)
470 823 813 866 tribulationibus
848 825 1041 867 nostris.“
1107 826 1259 867 Sermo
1302 826 1414 867 enim
1453 827 1542 879 glo-

130 902 318 943 riationis
345 901 558 943 interdum
576 901 847 942 laudabiliter
874 901 919 942 in
940 901 1180 956 Scripturis,
1209 903 1423 944 interdum
1456 905 1544 944 cul=

130 978 330 1034 pabiliter
368 977 559 1033 ponitur.
623 978 795 1019 Etenim
828 995 924 1020 cum
958 978 1059 1019 dicit
1098 981 1320 1021 jeremias:
1350 980 1542 1034 „liaec⁷)

131 1055 232 1095 dicit
271 1054 506 1096 Dominus:
554 1072 644 1096 non
684 1056 887 1107 glorietur
927 1055 1093 1111 sapiens
1132 1055 1178 1096 in
1215 1054 1418 1111 sapientia
1457 1068 1544 1106 sua,

128 1148 208 1172 nec
239 1132 358 1172 fortis
385 1132 428 1171 in
459 1131 709 1173 fortitudine
736 1149 825 1183 sua,
855 1147 994 1188 neque
1023 1132 1225 1183 glorietur
1261 1131 1374 1173 dives
1402 1131 1447 1172 in
1479 1132 1542 1173 di‘

133 1208 237 1249 vitiis
266 1208 373 1249 suis:
413 1209 486 1248 sed
527 1208 571 1249 in
613 1210 697 1250 hoc
728 1209 930 1260 glorietur
968 1207 1041 1264 qui
1070 1210 1285 1259 gloriatur,
1311 1208 1544 1262 intelligere

131 1283 230 1337 ets)
264 1298 492 1335 agnoscere
534 1302 625 1335 mc,
665 1287 763 1341 quia
801 1301 877 1337 ego
907 1303 1000 1327 sum
1030 1286 1266 1335 Dominus,
1304 1285 1377 1340 qui
1405 1297 1541 1327 statuo

131 1361 488 1411 misericordiam,
518 1373 557 1402 et
587 1360 813 1416 judicium,
858 1374 898 1403 et
931 1362 1128 1419 justitiam
1170 1378 1297 1418 super
1340 1375 1492 1404 terram
1507 1368 1541 1404 :‘'

130 1439 172 1479 in
202 1454 290 1478 uno
322 1439 560 1492 eodemque
598 1439 782 1494 capitulo
814 1438 1108 1491 gloriationem
1141 1450 1180 1479 et
1208 1439 1476 1481 laudabiliter
1505 1453 1544 1481 et

129 1514 396 1570 culpabiliter
434 1514 587 1570 posuit.
644 1516 754 1557 Nam
793 1516 826 1556 si
853 1517 967 1570 quis,
993 1516 1144 1570 inquit,
1173 1516 1377 1566 gloriatur
1405 1518 1470 1557 vel
1497 1517 1540 1558 in

127 1592 328 1648 sapientia
358 1608 446 1640 sua,
476 1592 539 1631 vel
569 1591 613 1632 in
643 1591 916 1641 fortitudine,
946 1593 1009 1632 vel
1039 1593 1082 1632 in
1116 1593 1288 1643 divitiis,
1318 1594 1542 1648 culpabili-

127 1682 192 1710 ter
222 1670 444 1720 gloriatur:
473 1668 507 1709 si
546 1669 636 1723 quis
673 1685 771 1709 vero
827 1670 870 1710 in
918 1671 1188 1721 agnoscendo
1205 1667 1252 1722 ⁹)
1300 1669 1538 1712 Dominum

246 1878 289 1932 ¹)
321 1878 435 1918 Editi
451 1877 509 1934 (v.
528 1894 560 1917 c.
581 1879 676 1918 edd.
697 1878 754 1918 Μ
758 1878 798 1932 )
791 1909 825 1927 .,‚
848 1894 955 1933 quae
972 1890 1030 1918 est
1048 1877 1241 1918 omnium
1256 1879 1448 1919 maxima.
1452 1885 1476 1903 ‘⁶
1492 1879 1540 1921 R.

245 1948 292 2001 2)
322 1947 419 1988 Mss.
460 1947 592 1988 nostri
633 1947 701 1987 hic
736 1948 815 1989 sibi
856 1964 945 1987 non
978 1948 1218 1988 cohaerent.
1276 1948 1397 1988 Unus
1426 1950 1540 1989 solus

131 2006 256 2044 habet
285 2003 579 2057 „acquiritur,“
618 2004 687 2044 alii
726 2004 1016 2058 ‚‚quaeritur;“
1062 2004 1216 2044 deinde
1252 2004 1355 2044 alter
1392 2004 1538 2045 itidem

128 2062 239 2101 solus
257 2060 384 2098 habet
411 2059 713 2107 ‚,infun‹litur,“
744 2058 893 2099 caeteri
917 2076 1016 2098 vero
1047 2061 1339 2108 „inundatur‚“
1371 2071 1409 2099 et
1436 2062 1539 2102 alius

130 2116 425 2165 ,‚mundatur.“
480 2113 565 2154 Sed
604 2126 744 2154 tamen
782 2116 1005 2165 legendum
1053 2117 1217 2156 videtur
1245 2126 1291 2155 ut
1318 2116 1362 2155 in
1394 2128 1539 2157 nostro

128 2183 251 2212 textu.
308 2169 424 2210 Editi
462 2168 521 2224 (V.
567 2187 598 2211 c.
639 2171 731 2210 edd.
763 2171 847 2225 Μ.)
896 2182 935 2211 et
970 2170 1171 2211 Rabanus
1200 2171 1359 2211 habent
1387 2189 1539 2227 „quae—

128 2228 271 2275 [ἰωὴιι
301 2237 339 2266 et
368 2225 666 2275 ‚‚inundatur.“
696 2226 744 2267 R.

243 2296 290 2350 ³)
320 2294 437 2336 Editi
466 2294 522 2349 (e.
555 2312 588 2335 (κ
620 2297 713 2337 edd
745 2296 849 2350 Wlst)
879 2298 960 2345 „ad
992 2295 1294 2351 apertionem.“
1326 2298 1373 2336 R.

245 2364 289 2419 4)
318 2365 428 2405 Edd.
463 2364 658 2406 M'erlini:
687 2367 901 2408 videamus
932 2369 984 2408 de
1014 2365 1265 2418 gloriatione
1296 2366 1399 2420 quid
1430 2366 1540 2407 dixit.

248 2438 292 2493 ⁵)
321 2436 444 2477 Rom.
474 2436 527 2485 V,
555 2437 592 2477 3.

246 2508 292 2560 6)
323 2506 437 2546 Editi
467 2506 658 2559 plerique
689 2504 747 2558 (v.
772 2522 804 2545 c.
837 2507 931 2545 edd.
963 2505 1066 2557 M.):
1099 2505 1301 2556 „gloriam
1334 2508 1376 2546 in
1407 2507 1539 2546 tribu-

132 2564 359 2604 lanionibus
392 2562 556 2602 nostris.
615 2562 766 2601 Sermo
799 2561 921 2601 etiam
954 2561 1240 2612 gloriationis“
1272 2574 1346 2603 etc.
1377 2562 1428 2602 R.

251 2632 297 2686 7)
328 2632 484 2672 Jerem.
516 2630 590 2681 IX,
619 2632 686 2673 23.
715 2631 782 2672 24.

247 2700 294 2753 ⁸)
322 2701 430 2742 Edd.
460 2700 654 2742 Merlini:
687 2712 725 2741 et
756 2717 1012 2753 cognoscere
1041 2717 1119 2741 me.

249 2770 294 2824 9)
324 2770 433 2810 Edd.
474 2771 536 2810 M.
578 2782 617 2811 et
655 2769 709 2813 R.
735 2770 818 2811 hoe
848 2771 972 2823 loco,
1001 2771 1072 2811 cfr.
1104 2784 1196 2826 pag.
1229 2770 1313 2824 huj.
1343 2784 1430 2812 not.
1460 2772 1498 2815 8.

132 2830 200 2877 „in
233 2827 540 2878 agnoscend0.“
