1788 3111
505 99 951 142 COMMENTARIORUM
981 97 1070 139 Lm.
1102 98 1150 139 V.
1457 100 1543 143 335

121 216 258 258 debet.
318 213 405 256 Sed
436 213 534 270 quia
576 214 642 254 lex
680 212 725 253 in
754 211 830 252 illo
862 211 1059 252 nondum
1090 223 1151 252 est
1178 211 1404 262 naturalis,
1433 228 1544 268 quae

121 309 220 334 eum
253 293 407 334 doceat
435 308 527 333 non
557 291 713 332 debere
743 287 944 346 injuriam
976 289 1118 329 facere
1151 289 1274 342 patri,
1304 301 1376 330 aut
1404 289 1544 339 matri,

119 383 200 411 nec
220 370 262 423 ¹)
298 368 376 412 scit
414 369 459 410 in
498 369 582 410 hoc
613 366 773 407 crimen
802 364 1027 420 impietatis
1059 364 1244 406 admitti:
1281 377 1338 407 est
1368 366 1542 422 quidem

119 445 279 504 species
315 446 481 501 peccati
520 444 638 500 quod
685 443 805 492 facit,
844 442 943 497 quia
958 441 1003 497 ²)
1044 444 1228 497 percutit
1255 454 1440 498 patrem,
1478 444 1544 484 vel

121 535 315 573 matrem,
345 534 418 564 aut
446 520 683 571 maledicit3
710 521 784 561 sed
815 532 1031 561 mortuum
1061 531 1119 562 est
1148 519 1193 560 in
1225 535 1276 560 eo
1307 532 1545 575 peccatum,

123 600 222 654 quia
264 615 343 655 per
390 597 621 640 absentiam
652 596 853 638 naturalis
884 597 1005 648 legis,
1048 613 1158 654 quae
1186 596 1230 637 in
1261 612 1312 637 eo
1343 599 1545 638 nondum

123 688 195 726 est,
221 687 444 733 peccatum
477 674 513 715 ei
543 691 633 715 non
659 685 799 730 potest
827 674 1027 729 repatari.
1084 675 1294 715 Nondum
1334 685 1393 715 est
1431 675 1545 716 enim

121 755 232 796 intra
264 770 359 795 eum
391 751 497 793 ratio
529 761 668 801 tanta,
697 767 806 806 quae
835 767 931 791 eum
964 753 1129 803 doceat,
1156 752 1251 801 hoe,
1283 752 1405 807 quod
1434 750 1548 800 facit,

122 831 215 873 fieri
243 848 334 872 non
369 830 545 870 debere:
578 841 618 869 et
646 827 744 868 ideo
778 826 902 868 etiam
933 844 956 868 a
985 828 1233 883 parentibus
1274 845 1367 870 non
1403 829 1545 870 solum

122 925 213 948 non
244 917 463 961 reputatur
492 907 545 946 ad
571 905 765 960 culpam,
800 904 875 945 sed
912 905 967 945 ad
1002 905 1176 955 gratiam
1214 904 1546 961 jucunditatem-

123 1000 207 1039 que
235 982 472 1037 suscipitur.
528 982 584 1023 Et
619 983 703 1023 hoc
739 982 874 1022 modo
907 993 1240 1036 consequenter,
1283 994 1330 1023 ut
1369 997 1446 1034 ego
1479 999 1546 1023 ar-

121 1061 281 1110 bitror,
325 1059 502 1111 intelligi
538 1070 694 1115 potest,
739 1060 859 1114 quod
899 1058 1134 1113 Apostolus
1164 1058 1285 1100 dicit:
1323 1057 1545 1114 ‚,usque3)

120 1138 174 1178 ad
212 1138 349 1188 legem
394 1137 508 1177 enim
554 1147 778 1192 peccatum
818 1146 906 1176 erat
926 1133 971 1189 4)
1010 1135 1056 1176 in
1105 1135 1190 1177 hoc
1233 1137 1460 1187 mundo,“
1499 1147 1547 1176 ut

121 1215 398 1256 subaudiatur
428 1216 715 1261 ‚‚m0rtuum.“
733 1211 778 1267 ⁵)
836 1211 1093 1262 „Peccatum
1109 1212 1155 1268 6)
1186 1225 1327 1254 autem
1350 1230 1442 1254 non
1462 1213 1546 1254 im-

121 1289 373 1346 putatur‚⁷)
407 1306 502 1329 cum
520 1288 565 1344 8)
607 1290 673 1329 lex
715 1305 807 1329 non
839 1294 934 1330 est.“
994 1288 1207 1331 Convenit
1247 1290 1360 1331 enim
1395 1307 1547 1332 secun-

123 1368 226 1407 dum
257 1367 368 1406 hanc
400 1365 708 1420 expositionem
748 1365 872 1406 etiam
915 1366 1024 1408 illud
1053 1366 1241 1419 intelligi,
1258 1366 1302 1423 9)
1337 1370 1456 1424 quod
1484 1367 1548 1408 di-

125 1443 180 1483 cit
196 1444 448 1499 Apostolus:
479 1457 584 1493 „ego
605 1441 675 1497 10)
696 1453 834 1483 autem
851 1441 1042 1484 vivebam
1061 1445 1148 1485 sine
1166 1445 1256 1495 lege
1274 1444 1547 1500 aliquand0.“

121 1520 232 1560 Nam
266 1520 489 1574 quomodo
517 1518 674 1560 Paulus
699 1518 788 1560 sine
817 1520 908 1572 lege
927 1520 1058 1562 Mosis
1077 1521 1293 1562 invenitur
1315 1521 1545 1576 aliquando

125 1596 290 1646 vixisse,
331 1614 428 1637 cum
465 1596 554 1652 ipse
586 1597 639 1637 de
667 1611 711 1637 se
742 1595 970 1652 dicat‚¹¹)
999 1597 1099 1654 quia
1130 1597 1351 1641 Hebraeus
1382 1615 1430 1640 ex
1459 1598 1548 1639 He-

240 1764 284 1818 1)
315 1763 375 1805 Ita
414 1776 527 1806 recte
572 1764 679 1806 ssMsc.
711 1768 831 1815 [unus
875 1764 1030 1817 Regius
1073 1782 1193 1807 num.
1233 1763 1358 1807 1639.
1431 1764 1550 1805 Alter

123 1836 223 1861 vero
266 1821 366 1871 Reg.
408 1838 527 1863 num.
569 1821 692 1865 1641.
727 1821 876 1862 habet:
919 1838 1035 1871 „non
1076 1833 1134 1864 est
1172 1822 1217 1863 in
1257 1822 1341 1862 hoc
1386 1820 1549 1861 crimen

122 1876 367 1932 impietatis:
401 1878 557 1920 eminet
587 1877 686 1933 quia
718 1888 757 1918 et
789 1890 846 1920 est
876 1878 1049 1934 quidem
1079 1879 1237 1934 species
1253 1878 1442 1933 peccati“
1472 1889 1549 1917 ete.

127 1932 293 1974 Caeteri
333 1950 432 1974 vero
462 1933 565 1976 lMss.
603 1946 643 1975 et
682 1934 781 1975 editi
822 1934 882 1990 (v.
925 1952 957 1975 c.
1001 1938 1096 1977 edd.
1128 1933 1213 1990 Μ.)
1248 1935 1427 1974 habent:
1459 1933 1549 1982 „vel

125 1990 227 2030 sciat
255 1989 298 2030 in
330 1989 414 2030 hoc
445 1990 605 2032 crimen
635 1991 860 2046 impietatis
900 1992 1082 2032 admitti:
1129 1997 1192 2032 et“
1239 1991 1379 2044 (deest
1422 2000 1466 2029 ec
1503 1989 1549 2030 in

128 2046 192 2088 ed.
220 2045 282 2085 M.
313 2045 390 2100 ΙΙ.)
421 2057 505 2094 „est
537 2047 711 2101 quidem
740 2047 899 2101 species
929 2048 1117 2101 peccati“
1149 2059 1223 2088 etc.
1254 2046 1302 2087 R.

243 2113 289 2167 2)
321 2113 392 2154 Sic
430 2115 535 2155 Msc.
575 2132 684 2156 unus
731 2114 885 2166 Regius
916 2133 1036 2159 num.
1070 2117 1190 2160 1641.
1252 2115 1418 2156 Caeteri
1448 2131 1548 2156 vero

127 2168 226 2210 Mss.
259 2182 297 2210 et
329 2170 429 2211 editi
459 2170 519 2225 (v.
546 2188 578 2211 c.
613 2172 708 2212 edd.
738 2171 823 2225 M.)
854 2173 1033 2213 habent:
1076 2183 1278 2222 „matrem
1310 2171 1423 2213 enim
1452 2188 1551 2228 per-

129 2225 244 2275 cutit,
275 2226 340 2266 vel
369 2226 626 2268 maledicit.“
658 2227 706 2267 R.

243 2296 290 2351 ³)
324 2296 448 2337 Rom.
479 2298 531 2346 v,
564 2299 628 2341 13.

243 2366 290 2419 4)
320 2367 452 2408 Deest
480 2367 565 2408 hoc
598 2368 720 2418 loco,
761 2368 834 2408 cfr.
881 2383 973 2423 pag.
1012 2369 1109 2412 332.
1146 2380 1235 2410 not.
1266 2371 1305 2412 5.
1335 2373 1475 2419 „erat“
1505 2367 1551 2409 in

130 2423 225 2466 edd.
256 2423 316 2467 M.
350 2436 390 2464 et
419 2423 469 2465 R.

246 2493 290 2548 5)
326 2493 414 2534 Cfr.
445 2492 570 2535 Rom.
601 2494 695 2545 VII,
727 2495 766 2537 8.
885 2493 930 2549 6)
961 2495 1087 2536 Rom.
1120 2495 1170 2545 V,
1202 2495 1268 2537 13.

246 2562 291 2617 ⁷)
321 2563 402 2604 Ed.
433 2563 494 2605 M.
524 2565 589 2614 IL,
621 2567 695 2606 csr.
723 2582 765 2620 p.
795 2565 890 2607 332.
923 2577 1011 2606 not.
1042 2565 1079 2607 6.
1110 2565 1464 2620 „in·1putabatu1·.“

245 2632 291 2688 8)
321 2632 430 2675 Edd.
478 2634 675 2685 Merlini,
720 2637 791 2678 cfr.
833 2650 926 2691 pag.
972 2636 1066 2678 332.
1113 2647 1201 2676 not.
1241 2636 1280 2678 6.
1322 2651 1447 2685 „cum
1486 2635 1551 2674 lex

130 2703 220 2728 non
253 2695 390 2730 esset.“

247 2757 293 2812 ⁹)
321 2758 452 2801 Deest
479 2760 523 2801 in
555 2761 673 2803 editis
706 2761 763 2817 (v.
795 2778 828 2804 c.
858 2761 903 2801 in
934 2762 1029 2802 edd.
1069 2761 1176 2815 M.):
1206 2759 1441 2813 ‚‚intelligi.“
1473 2759 1520 2799 R.

224 2828 294 2883 ¹⁰)
323 2829 452 2878 Rom.
485 2830 576 2882 VII,
606 2831 644 2875 9.
767 2831 838 2887 Η)
869 2831 1053 2887 Philipp.
1085 2831 1159 2881 III,
1188 2827 1225 2874 5.
