1788 3111
208 150 296 196 342
551 146 773 189 Omeems
804 159 851 188 m
877 145 954 188 ΕΡ.
986 155 1045 187 An
1077 144 1303 188 ROMANOS

212 262 375 319 cipatus
419 271 461 302 et
504 271 731 317 potestates
770 260 962 318 tyranni,
1009 258 1278 315 triumphans
1323 275 1390 301 eas
1425 258 1469 300 in
1513 270 1645 301 semet

209 340 318 397 ipso.
384 338 546 380 Verum
590 338 638 380 in
679 339 784 379 haec
815 353 894 394 per
941 353 1150 379 excessum
1195 338 1408 393 quendam
1451 336 1644 393 prolapsi

212 417 432 459 videmur:
461 417 537 458 sed
569 417 624 458 ad
652 414 925 472 propositum
942 416 1178 456 redeamus.
1239 413 1371 464 Igitur
1398 430 1514 456 mors
1542 430 1645 469 pec-

215 494 296 536 cati
327 493 515 546 regnavit
545 493 598 535 ab
630 493 769 534 Adam
801 507 935 547 usque
966 493 1020 533 ad
1050 491 1220 541 Mosen,
1251 491 1296 533 id
1328 502 1398 541 est,
1426 506 1560 546 usque
1591 491 1646 532 ad

215 571 445 613 adventum
480 569 649 612 Christi.
687 570 831 612 Moses
863 569 974 610 enim
1007 569 1071 610 lex
1103 569 1356 627 appellatur,
1387 579 1427 609 et
1456 568 1536 618 lex,
1565 567 1646 609 sic-

212 659 261 689 ut
294 647 562 706 scriptum¹)
593 658 675 698 est,
712 662 847 702 usque
892 647 946 689 ad
987 646 1170 688 Joannis
1208 646 1467 701 baptismum
1497 643 1649 685 habuit

212 724 375 777 locum,
405 743 453 768 ex
485 743 571 782 quo
604 723 747 780 coepit
765 724 887 767 Jesus
916 739 1092 775 regnum
1117 723 1200 765 Dei
1220 722 1479 780 praedicare.
1512 721 1648 776 Quod

215 814 356 844 autem
399 803 562 859 excepit
592 813 732 844 certos
760 817 967 857 quosque,
996 801 1041 843 in
1073 801 1228 856 quibus
1256 818 1372 842 mors
1401 799 1649 851 regnaverit,

216 896 314 922 cum
347 880 472 922 dicit:
513 878 792 936 „regnavit²)
829 878 1005 934 ωσι-53)
1041 879 1085 920 in
1118 897 1212 928 eos,
1253 878 1325 934 qui
1362 886 1649 933 peccaverunt

212 957 257 999 in
287 957 612 999 similitudinem
644 955 1018 1012 praevaricationis
1039 957 1244 999 Adami:“
1273 972 1364 996 non
1395 954 1502 995 mihi
1531 953 1641 995 vide-

212 1046 283 1077 tur
314 1035 398 1077 diei
439 1036 598 1091 absque
637 1033 824 1093 mysterii
861 1032 1037 1091 alicujus
1077 1033 1253 1076 indicio.
1271 1031 1317 1089 ⁴)
1375 1031 1500 1087 Ne⁵)
1538 1032 1650 1072 forte

216 1128 315 1166 ergo
346 1111 505 1154 fuerint
544 1110 677 1168 aliqui
715 1128 849 1168 usque
881 1113 934 1152 ad
964 1112 1071 1152 illud
1101 1123 1290 1166 tempus,
1332 1126 1419 1165 quo
1451 1110 1529 1150 sub
1559 1108 1651 1158 lege

214 1190 328 1231 velut
357 1190 436 1231 sub
466 1191 719 1246 paedagogo
751 1188 947 1229 homines
965 1188 1249 1237 habebantur,
1281 1186 1353 1243 qui
1380 1186 1463 1227 tale
1489 1184 1650 1240 aliquid

217 1267 396 1319 egerint,
439 1266 565 1322 quale
582 1266 628 1323 6)
667 1266 808 1307 Adam
850 1266 892 1307 in
925 1263 1124 1321 paradiso
1164 1265 1291 1316 egisse
1323 1261 1650 1316 describitur,⁷)

218 1356 258 1386 et
289 1343 512 1396 contigisse
554 1360 602 1384 ex
641 1344 758 1395 ligno
799 1341 961 1384 sciendi
999 1343 1166 1382 bonum
1209 1353 1249 1382 et
1278 1341 1455 1390 malum,
1487 1351 1526 1380 et
1557 1355 1652 1380 eru-

215 1423 356 1464 buisse
385 1422 624 1464 nuditatem
652 1437 787 1471 suam,
818 1432 944 1476 atque
975 1420 1027 1461 ab
1059 1418 1323 1460 habitatione
1360 1417 1547 1474 paradisi
1579 1417 1653 1457 de-

217 1500 377 1542 cidisse.
434 1501 523 1542 Aut
551 1499 682 1552 magis
711 1497 960 1555 simpliciter
990 1497 1290 1553 accipiendum
1319 1495 1497 1545 videtur,
1529 1506 1569 1536 et
1598 1493 1653 1535 si-

216 1577 416 1619 militudo
448 1569 825 1633 praevaricationis
857 1573 1012 1617 Adami
1040 1575 1200 1630 absque
1218 1573 1360 1629 aliqua
1392 1571 1654 1615 discussione

218 1655 477 1711 recipienda,
507 1666 554 1696 ut
584 1655 669 1695 hoc
697 1669 896 1696 sermone
929 1668 1091 1701 omnes,
1125 1651 1199 1708 qui
1229 1668 1276 1693 ex
1307 1653 1447 1693 Adam
1477 1666 1654 1706 pracva-

220 1732 404 1774 ricatore
431 1731 520 1772 nati
547 1742 665 1781 sunt,
694 1730 878 1772 indicari
908 1729 1154 1778 videantur,
1191 1741 1229 1770 et
1260 1728 1420 1771 habere
1448 1728 1491 1769 in
1521 1739 1654 1769 semet

222 1807 323 1864 ipsis
360 1807 682 1850 similitudinem
724 1806 1099 1863 praevaricationis
1131 1804 1219 1864 ejus
1249 1823 1340 1847 non
1357 1804 1403 1862 3)
1433 1806 1573 1847 solum
1605 1821 1652 1845 ex

217 1885 399 1935 semine,
436 1885 512 1926 sed
553 1900 601 1925 ex
643 1884 907 1927 institutione
946 1894 1196 1938 susceptam.
1214 1882 1260 1938 9)
1323 1882 1485 1924 Omnes
1526 1882 1654 1931 enim,

219 1962 366 2019 quiin
404 1962 488 2003 hoc
528 1963 694 2004 mundo
733 1973 989 2011 nascuntur,
1025 1978 1114 2002 non
1156 1961 1297 2002 solum
1339 1959 1590 2000 nutriuntur
1629 1975 1649 1999 a

217 2040 479 2097 parentibus,
507 2039 583 2082 sed
612 2050 652 2080 et
678 2037 958 2091 imbuuntur-3
988 2050 1027 2080 et
1050 2055 1142 2080 non
1159 2039 1298 2080 solum
1319 2047 1417 2079 sunt
1445 2035 1522 2077 filii
1552 2052 1652 2092 pec-

342 2174 386 2231 ι)
417 2173 518 2215 Luc.
550 2172 668 2224 XVI,
700 2173 765 2217 16.
887 2171 933 2228 2)
966 2170 1093 2212 Rom.
1124 2170 1174 2221 V,
1207 2171 1272 2215 14.

334 2250 382 2308 ³)
416 2250 529 2293 Alias
560 2250 620 2307 (v.
653 2267 687 2292 c.
717 2250 762 2292 in
794 2250 889 2292 edd.
919 2247 1028 2303 Ma)
1059 2263 1201 2297 „mors
1231 2247 1276 2289 in
1308 2264 1380 2289 eos
1408 2247 1548 2298 etiam,
1579 2249 1652 2304 qui

220 2325 310 2349 non
340 2313 664 2363 peccaverunt.“
723 2307 851 2350 Male.
883 2307 932 2348 R.
968 2329 1019 2335 —
1048 2304 1134 2346 Cfr.
1168 2306 1261 2346 edd.
1289 2305 1337 2346 N.
1357 2303 1407 2346 T.
1434 2306 1530 2346 coll.
1559 2322 1651 2363 pag.

221 2366 317 2408 340.
347 2376 438 2405 not.
470 2363 509 2406 9.
541 2375 578 2404 et
608 2379 702 2420 pag.
731 2364 829 2408 344.
860 2374 948 2404 not.
980 2365 1019 2408 1.

336 2434 381 2490 ⁴²)
413 2434 511 2476 Mss.
541 2433 697 2475 nostri:
727 2432 956 2483 ,‚indicio.“
994 2431 1110 2473 Editi
1135 2432 1194 2487 (v.
1227 2449 1262 2472 c.
1295 2434 1389 2473 edd.
1422 2431 1529 2485 Μ.);
1561 2431 1652 2481 „in-

221 2492 484 2541 dicatione;“
515 2491 567 2531 al.
598 2490 906 2541 „indictione;“
937 2490 988 2531 al.
1020 2489 1302 2539 ‚,indicione.“
1335 2489 1384 2528 R.

339 2562 385 2617 ⁵)
415 2561 522 2602 Edd.
555 2559 748 2600 Nlerlini:
780 2560 915 2600 Forte
945 2568 1044 2610 ergo
1078 2560 1252 2600 fuerunt
1282 2557 1413 2613 aliqui
1444 2569 1519 2598 etc.

337 2632 383 2686 ¹5)
415 2631 529 2673 Editi
559 2629 619 2686 (e.
651 2646 684 2670 c.
717 2630 812 2670 edd.
842 2628 951 2683 Μ.);
983 2629 1126 2683 „quod
1159 2629 1325 2669 Adam“
1356 2639 1430 2668 etc.
1465 2628 1512 2668 R.

338 2702 383 2757 7)
419 2702 570 2743 Genes.
601 2699 675 2750 III,
705 2700 744 2742 6.
775 2700 813 2742 7.
846 2710 885 2739 ct
913 2700 983 2743 23.

336 2773 382 2827 ⁸)
414 2774 547 2814 Alias:
578 2787 694 2820 „non
737 2771 875 2813 solum
909 2786 954 2811 ex
997 2784 1172 2821 genere,
1202 2769 1273 2810 sed
1310 2785 1357 2809 ex
1388 2768 1649 2810 institutione

222 2842 424 2885 suscepta.
486 2829 674 2870 Omnes“
705 2838 781 2868 etc.
813 2825 864 2868 R.

341 2899 386 2955 ⁹)
418 2899 526 2943 Edd.
556 2897 744 2948 Men-lini,
775 2899 848 2940 cfr.
880 2913 971 2954 pag.
1003 2896 1089 2953 huj.
1121 2908 1211 2939 not.
1239 2896 1277 2940 8.
1311 2900 1566 2951 „suscepta.“
