1788 3111
535 113 978 156 Commnnnmonum
1006 115 1099 156 Lm.
1128 115 1204 157 IV.
1482 119 1567 161 275

141 228 268 269 beros
306 225 448 282 potuit
482 225 742 282 procreare?
817 225 938 281 Quas
975 225 1240 284 objectiones
1282 238 1331 269 ut
1367 229 1568 270 decenter

141 303 350 359 possimus
374 303 609 352 excludere,
639 302 942 359 expositionem
961 302 1004 359 ¹)
1044 305 1226 346 emortui
1266 305 1460 361 corporis
1488 305 1564 347 illo

142 379 454 430 transferimus,
492 392 541 421 ut
577 379 767 421 dicamus
806 379 1025 422 Abraham
1056 397 1149 422 non
1177 380 1421 424 infirmitate
1451 393 1564 424 aeta-

143 456 194 498 tis
226 467 482 506 emortuum,
515 457 588 497 sed
618 458 853 498 secundum
885 458 1000 499 illam
1033 458 1243 507 virtutem,
1273 474 1401 513 quam
1432 458 1565 501 sancti

142 532 189 574 in
227 545 360 574 semet
394 532 492 588 ipsis
534 533 674 588 primo
713 533 958 589 implentes,
1012 535 1136 576 etiam
1181 547 1369 577 caeteros
1408 535 1566 577 habere

143 621 341 658 monent,
387 620 425 650 et
453 608 621 650 dicunt:
660 611 999 667 „mortificate2)
1028 613 1222 653 membra
1253 623 1409 661 vestra,
1457 629 1566 667 quae

142 698 240 728 sunt
267 702 396 742 super
422 691 615 728 terram.“
672 688 782 729 Nam
830 699 869 729 et
897 690 1129 731 absurdum
1160 700 1282 746 puto,
1309 688 1344 730 si
1373 689 1458 730 hoc
1487 688 1568 730 bo-

142 781 263 813 num,
292 764 410 819 quod
438 762 482 803 in
512 779 554 804 se
585 762 742 806 Paulus
773 765 934 815 habuit,
963 791 1016 797 —
1045 783 1187 822 neque
1219 766 1330 808 enim
1370 766 1460 807 aliis
1487 766 1569 807 im-

143 852 324 896 peraret,
353 841 472 895 quod
501 841 590 896 ipse
627 859 717 882 non
757 841 935 891 fecerat,
966 867 1019 876 -
1049 843 1105 893 si,
1130 843 1329 899 inquam,
1370 844 1455 885 hoc
1486 844 1569 886 bo-

143 935 261 965 num,
292 918 411 972 quod
439 916 596 959 Paulus
626 918 788 968 habuit,
815 919 1037 961 Abraham
1074 932 1241 961 tantum
1269 921 1572 977 patriarcham,

144 1010 272 1049 quem
304 994 427 1035 etiarn
458 1011 583 1035 suum
620 1006 787 1050 patrem
818 995 978 1051 dicit3)
1010 998 1263 1052 Apostolus,
1292 1015 1384 1040 non
1422 1000 1572 1040 creda-

143 1088 236 1112 mus
277 1071 482 1113 habuisse.
548 1071 651 1112 Fuit
691 1088 788 1124 ergo
830 1073 955 1114 etiam
994 1073 1040 1114 in
1080 1073 1156 1114 illo
1187 1075 1462 1117 mortificatio
1491 1075 1569 1117 ista

144 1149 464 1189 membrorum:
494 1165 584 1189 non
616 1149 873 1191 incitabatur
901 1151 1089 1201 luxuria,
1118 1167 1211 1192 non
1239 1153 1445 1193 urebatur
1471 1152 1570 1194 libi-

146 1225 269 1275 dine,
296 1226 402 1266 sicut
431 1223 517 1273 illi,
563 1226 616 1265 de
647 1226 800 1280 quibus
830 1228 1062 1282 Apostolus
1093 1227 1214 1269 dicit:
1244 1228 1421 1278 „melius
1436 1227 1480 1284 ⁴²)
1513 1241 1572 1272 est

144 1302 322 1350 nubere,
352 1318 479 1357 quam
510 1301 616 1342 uri.“
676 1302 773 1343 Hoc
802 1302 915 1344 idem
952 1315 1040 1346 erat
1069 1316 1109 1346 et
1135 1305 1180 1346 in
1211 1305 1336 1356 Sara,
1367 1305 1466 1360 quia
1497 1307 1573 1348 de-

145 1378 393 1434 fecerant⁵)
435 1378 566 1420 Sarae
606 1379 698 1420 fieri
736 1380 974 1422 muliebria.
1033 1382 1135 1423 Non
1164 1382 1276 1423 enim
1310 1381 1468 1424 eratin
1498 1383 1572 1424 illa

145 1455 314 1496 lascivia
348 1455 582 1506 muliebris,
614 1468 686 1498 aut
712 1456 1046 1500 incontinentiae
1077 1460 1321 1510 dissolutio,
1354 1476 1496 1516 neque
1524 1461 1570 1502 in

146 1547 270 1573 usum
308 1526 511 1573 libidinis*
546 1532 940 1588 praecipitabantur
978 1535 1120 1578 inviti:
1164 1538 1238 1578 sed
1275 1536 1351 1577 ubi
1392 1538 1573 1579 audiunt

146 1619 306 1648 tantam
337 1608 592 1663 posteritatis
622 1627 756 1666 spem,
787 1623 827 1652 et
854 1612 1014 1654 sobolis
1043 1629 1143 1656 suae
1170 1613 1347 1665 gloriam
1378 1615 1501 1655 coelo
1533 1626 1574 1656 et

144 1685 352 1727 sideribus
391 1687 723 1741 exaequandam,
754 1687 830 1729 ubi
860 1688 964 1729 haec
994 1689 1186 1740 audiunt,
1215 1706 1308 1730 non
1332 1689 1575 1746 adspiciunt

146 1764 202 1805 ad
232 1762 408 1819 propria
431 1763 561 1813 bona,
594 1765 647 1804 ad
667 1764 951 1810 continentiae
979 1765 1167 1816 gratiam,
1197 1768 1250 1807 ad
1275 1753 1574 1810 membrorum

145 1839 546 1890 mortificationem,
582 1842 653 1881 sed
697 1841 800 1882 haec
834 1841 1003 1891 omnia,
1042 1857 1151 1896 quae
1178 1842 1260 1885 sibi
1293 1844 1412 1885 lucra
1444 1846 1574 1886 duce-

145 1919 262 1967 bant,
292 1918 549 1958 arbitrantur
587 1918 859 1968 detrimenta,
900 1930 947 1960 ut
979 1919 1196 1962 Christum
1240 1921 1573 1977 lucrifacianuss)

149 1994 237 2035 Sed
264 1996 448 2035 fortassis
479 2009 636 2035 errasse
667 2011 736 2035 me
766 1994 922 2043 credis,
954 1997 1085 2050 quod,
1114 2013 1212 2037 cum
1243 1998 1296 2037 de
1325 1999 1571 2052 posteritate

149 2069 367 2110 Abraham
400 2069 500 2124 et7)
538 2070 699 2111 semine
738 2068 825 2126 ejus
866 2071 1009 2112 dicere
1040 2071 1284 2122 debuerim,
1315 2074 1368 2114 de
1401 2072 1571 2116 Christo

151 2145 342 2187 dixerim.
418 2146 519 2187 Non
561 2160 774 2195 erramus,
813 2148 887 2187 sed
935 2163 1032 2188 cum
1082 2148 1296 2203 Apostolo
1340 2150 1573 2206 loquimur.

270 2329 313 2386 ¹)
345 2330 425 2372 Ed.
476 2331 537 2373 M.
585 2332 626 2373 I:
675 2331 1025 2389 „expositionis,“
1073 2336 1136 2378 ed.
1177 2334 1238 2377 M.
1279 2335 1341 2377 II:
1382 2338 1574 2394 „exposi-

149 2388 241 2430 tion
249 2392 327 2429 es.“

264 2456 311 2511 2)
345 2456 508 2498 Coloss.
538 2457 612 2508 Ill,
640 2458 681 2500 5.
799 2457 846 2511 3)
875 2459 1002 2501 Rom.
1032 2459 1105 2511 IV,
1135 2460 1173 2502 1.

268 2525 314 2582 ⁴)
344 2526 364 2565 I
397 2525 499 2568 Cor.
528 2526 622 2577 VII,
650 2528 687 2570 9.

267 2595 314 2651 ⁵)
344 2596 458 2638 Edd.
480 2596 677 2639 Merlini:
699 2599 955 2641 defecerunt.
975 2623 1026 2631 —
1046 2597 1135 2641 Cfr.
1152 2598 1305 2644 Genes.
1323 2602 1482 2653 XVIII,
1508 2605 1573 2649 11.

267 2665 313 2718 ⁶)
346 2665 433 2707 Cfr.
461 2666 648 2723 Philipp.
677 2668 751 2718 III,
784 2670 820 2712 7.
849 2668 890 2711 8.

269 2732 314 2786 ⁷)
344 2734 459 2777 Alias
491 2737 549 2792 (v.
581 2753 615 2783 c,
646 2737 691 2778 in
722 2739 818 2780 edd.
851 2738 956 2794 M.):
995 2751 1061 2789 „et
1099 2739 1267 2782 seminis
1306 2738 1394 2797 ejus
1424 2741 1498 2798 (al.
1531 2754 1575 2785 ec

153 2789 490 2888 semineRejus)
524 2792 733 2846 dicerem,
778 2811 870 2837 non
919 2795 1140 2839 debuerim
1194 2798 1248 2838 de
1297 2796 1464 2841 Christo
1511 2800 1575 2841 di-

155 2851 287 2887 cere.“
363 2879 371 2888 .

1202 2928 1296 2972 18*
