1788 3111
494 114 935 159 Commmmmonum
964 115 1055 159 Lm.
1084 116 1157 159 IV.
1451 119 1532 163 281

122 225 321 269 vitiorum
349 227 661 284 indumenta¹)
700 244 791 270 non
835 226 1024 285 abjiciat,
1065 240 1106 269 et
1142 245 1304 271 novum
1335 246 1378 273 sc
1396 230 1442 287 2)
1470 231 1538 272 in-

123 304 226 345 duat
254 304 488 356 hominem,
518 306 590 362 qui
616 305 851 347 secundum
881 305 1024 346 Deum
1051 316 1211 348 creatus
1242 318 1311 357 est,
1343 318 1382 348 ct
1409 324 1538 348 rcno-

122 381 306 438 vatur3)
335 382 380 424 in
411 382 623 435 agnitione
654 381 739 423 Dei
780 383 834 424 ad
864 380 1092 434 imaginem
1126 380 1237 438 ejus,
1274 383 1348 438 qui
1385 382 1539 424 creavit

123 472 233 498 eum.
289 457 523 514 Propterea
555 458 668 500 enim
697 470 736 500 et
763 458 807 500 in
851 458 1123 514 sequentibus
1153 457 1362 516 adjungit,
1405 472 1444 501 et
1474 460 1539 501 ‹li-

122 532 179 574 cit
209 535 261 576 de
289 534 482 577 Domino
516 537 637 578 Jesu:
668 535 818 592 „qui⁴)
847 535 1084 591 traditus⁵)
1137 547 1194 577 est
1232 548 1410 591 propter
1437 552 1538 592 pec-

121 621 212 651 cata
239 623 396 661 nostra,
428 623 466 653 et
486 612 707 654 resurrexit
737 624 915 669 propter
932 611 1273 669 justificationem
1303 625 1489 654 nostram
1503 617 1539 653 :“

119 697 167 726 ut
196 690 409 737 ostendat,
453 688 551 742 quia
590 704 660 738 ea,
705 705 787 744 pro
827 690 979 745 quibus
1022 689 1211 731 Christus
1250 689 1427 731 traditus
1466 701 1538 739 est,

120 762 245 804 etiam
273 781 354 805 nos
385 765 617 807 abhorrere
648 766 876 808 debeamus
910 777 949 807 et
977 766 1170 822 abjicere.
1231 765 1276 808 Si
1295 766 1405 807 enim
1433 782 1537 821 pro-

117 851 214 896 pter
251 853 424 896 peccata
459 853 605 884 nostra
641 844 843 885 traditum
888 860 985 885 eum
1028 844 1261 893 credimus,
1311 843 1534 899 quomodo

70 933 74 938 ’
116 934 210 960 non
239 919 425 961 alienum
453 917 580 960 nobis
611 930 650 959 et
676 919 1098 967 inimicumducitur
1144 936 1273 961 omne
1301 931 1538 976 peccatum,

116 1011 200 1051 pro
232 1011 317 1051 quo
347 996 564 1037 redemtor
592 1008 738 1038 noster
764 998 940 1040 traditus
970 997 1291 1038 memoraturin
1322 995 1538 1038 mortem?

113 1071 227 1113 Nam
262 1071 297 1113 si
333 1071 460 1113 nobIs
497 1072 638 1129 aliqua
675 1091 842 1116 rursum
887 1075 1063 1117 societas
1102 1090 1199 1116 cum
1228 1084 1428 1129 peccato,
1466 1083 1539 1113 aut

115 1148 297 1190 amicitia
337 1151 431 1200 fiat,
469 1150 749 1200 ostendimus,
782 1152 900 1207 quod
937 1151 1061 1192 nihili
1105 1152 1310 1192 ducamus
1349 1161 1535 1190 mortem

116 1224 273 1267 Christi
302 1225 416 1275 Jesu,
447 1227 745 1282 amplectentes
777 1239 815 1269 et
843 1239 1062 1283 sequentes
1102 1244 1175 1276 ea,
1215 1243 1324 1283 quae
1361 1227 1434 1268 ille
1466 1243 1536 1267 cx-

115 1302 318 1357 pugnavit
359 1314 397 1343 et
436 1302 543 1344 vicit.
599 1303 735 1359 quue
773 1315 910 1345 totum
953 1304 1078 1345 simul
1119 1316 1375 1345 connectens
1417 1305 1535 1359 Apo-

113 1380 259 1428 stolus,
286 1390 490 1435 tanquam
521 1396 678 1435 corpus
706 1381 845 1436 ipsum
874 1380 1060 1437 peccati,
1092 1380 1390 1436 indumentum
1424 1391 1535 1420 vete-

115 1455 172 1497 ris
189 1455 374 1497 hominis
397 1456 635 1512 appellavit,
655 1459 773 1511 quod
800 1457 1106 1515 deponendum
1130 1458 1280 1499 suadet
1296 1455 1340 1513 6)
1367 1456 1440 1506 his,
1461 1456 1533 1512 qui

115 1535 296 1576 credunt
325 1532 374 1581 ei,
406 1531 478 1586 qui
507 1533 717 1574 suscitavit
745 1534 987 1576 Dominum
1026 1534 1173 1576 Jesum
1212 1550 1234 1574 a
1265 1532 1458 1582 mortuis,
1487 1544 1534 1574 ut

114 1609 281 1666 abjecto
312 1609 567 1650 indumento
598 1607 823 1666 injustitiae
852 1609 1033 1651 induant
1059 1610 1163 1665 se7)
1194 1610 1434 1652 Dominum
1459 1610 1532 1650 Je-

109 1704 229 1737 sum,
271 1674 402 1742 quiss)
435 1697 493 1727 est
522 1702 669 1726 verum
698 1684 882 1741 justitiae
909 1688 1234 1736 indumentum,
1280 1698 1326 1728 ut
1376 1686 1529 1728 merito

110 1763 379 1806 credentibus
408 1763 512 1804 fides
542 1764 596 1805 ad
625 1760 825 1819 justitiam
865 1775 1095 1820 reputetur.
1153 1764 1383 1820 „Traditus
1397 1763 1442 1819 ⁹)
1474 1775 1533 1806 est

228 1958 272 2015 1)
301 1959 381 2002 Ed.
419 1959 554 2001 Ruaei
591 1959 636 2000 in
676 1971 811 2001 textu:
850 1960 1125 2010 „indumenta
1170 1978 1261 2002 non
1293 1960 1457 2018 abjicit,
1491 1973 1530 2003 et

107 2032 269 2057 novum
314 2032 359 2057 se
404 2016 543 2057 induit
582 2017 801 2058 hominem
816 2022 854 2067 ,⁸⁴
902 2029 993 2064 etc„
1032 2017 1075 2057 in
1108 2018 1219 2058 notis
1251 2030 1411 2058 autem:
1442 2018 1527 2067 „sic

109 2070 211 2112 RIss.
268 2071 425 2120 nostri,
468 2072 750 2121 Salodianus,
798 2085 836 2113 et
875 2072 1095 2114 Merlinus.
1126 2073 1194 2128 (Ρ)
1227 2073 1529 2115 Genebrardus

109 2143 234 2168 vero:
268 2126 534 2167 indumenta
568 2126 785 2180 abjiciat,
819 2139 862 2168 ec
894 2142 1058 2167 novum
1099 2143 1145 2167 se
1179 2128 1369 2168 inducat
1400 2129 1529 2184 (prot

110 2181 294 2234 induat,
326 2194 373 2223 ut
399 2184 543 2234 legunt
562 2183 830 2232 Salodianus,
858 2195 896 2224 et
913 2183 1143 2239 Merlinus)
1167 2185 1422 2225 hominen1“
1452 2198 1528 2227 etc.

107 2263 162 2270 ——
192 2238 271 2280 Ed.
301 2239 361 2278 M.
393 2239 434 2278 I:
475 2240 750 2288 „indumenta
787 2256 876 2280 non
908 2239 1074 2294 abjicit,
1115 2251 1153 2280 et
1190 2258 1351 2282 novum
1391 2258 1434 2282 se
1462 2242 1530 2283 in-

107 2296 211 2337 duat
238 2294 487 2336 hominem“
516 2307 605 2344 etc„
635 2297 698 2337 ed.
728 2312 827 2337 vero
859 2295 920 2336 Μ.
950 2297 1012 2337 1Ι;
1044 2297 1316 2344 „indumenta
1346 2296 1531 2353 abjiciat,

106 2362 147 2393 et
175 2367 337 2392 novum
369 2367 412 2392 se
438 2351 587 2392 induat
608 2351 852 2393 hominem“
868 2364 942 2393 etc.
958 2378 1014 2386 -—-
1028 2351 1116 2394 Cfr.
1134 2352 1297 2394 Coloss.
1318 2353 1390 2404 Ill,
1407 2355 1443 2396 9.
1462 2357 1527 2399 10.

220 2420 267 2477 2)
301 2420 387 2463 Cfr.
416 2438 509 2476 pag.
539 2420 626 2478 huj.
656 2433 745 2463 not.
776 2423 814 2465 7.

219 2490 267 2545 3)
296 2490 376 2532 Ed.
405 2489 466 2532 M.
497 2490 558 2532 II:
588 2503 825 2533 renovetur.
943 2491 989 2547 4)
1020 2492 1151 2534 Rom:
1175 2494 1246 2544 IV,
1276 2496 1342 2537 25.

219 2560 266 2614 ⁵)
296 2560 375 2601 Ed.
402 2559 538 2602 Ruaei
560 2562 673 2602 sola:
705 2562 778 2617 qui
803 2563 977 2605 traditus
994 2574 1065 2613 est,
1082 2563 1233 2619 inquit,
1256 2576 1436 2620 propter
1450 2577 1524 2607 etc.

219 2629 267 2684 6)
299 2629 460 2672 Coloss.
491 2632 564 2682 III,
592 2632 771 2677 9.-10.
898 2632 943 2688 7)
976 2633 1062 2674 Cfr.
1093 2648 1185 2688 pag.
1216 2632 1302 2690 huj.
1334 2646 1425 2676 not.
1453 2636 1494 2677 2.

131 2755 141 2764 ·
195 2699 268 2779 “3)
297 2701 412 2796 Alifis
439 2701 500 2757 (v.
532 2719 565 2744 c.
603 2701 649 2745 in
693 2704 786 2746 edd.
828 2702 931 2758 M.)
972 2704 1117 2759 „quod
1148 2713 1206 2745 est
1236 2718 1378 2745 verum
1408 2701 1524 2760 justi-

111 2767 194 2798 uae
249 2767 325 2796 etc.
396 2789 405 2797 .

223 2824 271 2879 ⁹)
301 2825 427 2869 Rom.
456 2826 527 2879 1v,
556 2828 622 2872 25.
