1788 3111
192 108 278 152 348
532 106 754 149 OmGEms
783 121 829 148 m
859 108 936 149 Et».
970 118 1029 148 An
1063 107 1307 151 Rom-mos.

193 219 460 276 linquiuxr')
501 235 600 274 ergo
639 221 918 263 sabbatismus
948 223 1116 277 populo
1148 222 1270 264 Dei.“
1337 221 1393 263 Et
1424 223 1621 273 adstruet,

193 299 304 354 quia,
331 297 439 339 sicul.
467 298 571 339 haec
600 298 762 350 singula
793 301 979 340 formam
1009 299 1141 340 futuri
1171 300 1329 341 saeculi
1357 311 1526 350 tenent,
1564 300 1621 342 ita

192 385 332 429 potest
361 377 487 416 etiam
516 377 671 426 Adam,
703 378 756 417 de
788 392 875 432 quo
908 376 1080 418 dicitur:
1111 376 1211 433 „qui
1229 377 1275 432 ²)
1306 389 1364 419 est
1384 378 1525 419 forma
1554 378 1622 418 su-

291 457 327 475 ,ίί

193 450 298 492 turi:
358 453 543 494 conferri
584 455 638 495 ad
678 453 809 495 futuri
840 454 996 495 saeculi
1025 454 1259 495 rationem:
1300 465 1340 495 et
1379 466 1622 510 propterea,

194 545 293 568 cum
322 529 604 584 praemissum
645 543 747 573 esset
786 532 839 572 de
870 531 955 581 his,
995 531 1128 587 qui³)
1166 543 1476 587 „peccaverunt
1492 530 1538 588 ⁴²)
1576 531 1622 573 in

191 605 515 648 similitudinem
534 608 908 663 praevaricationis
929 608 1124 658 Adami,“
1153 608 1346 651 additum
1366 620 1443 650 est:
1462 610 1561 665 „qui
1575 607 1621 664 ⁵)

193 694 253 724 cst
281 682 425 725 forma
454 683 628 725 suturi.“

305 760 345 801 2.
376 761 487 809 „Sed
505 761 550 816 6)
596 779 686 814 non
731 763 840 804 sicut
886 765 1113 814 delictum,
1158 763 1214 805 ita
1261 776 1299 805 et
1339 765 1515 805 donum.
1576 763 1623 804 Si

193 837 308 878 enim
347 838 472 879 unius
513 839 667 881 delicto
710 841 832 882 multi
863 840 1024 883 mortui
1062 852 1172 891 sunt,
1200 842 1337 882 multo
1368 840 1499 892 magis
1529 836 1622 892 grh-

190 914 247 955 tia
278 914 362 955 Dei
394 927 432 955 ct
463 917 629 958 donum
660 918 703 958 in
735 921 864 970 gratia
893 918 1020 960 unius
1052 918 1237 960 hominis
1267 918 1370 959 Jcsu
1394 917 1551 959 Christi
1577 916 1623 958 in

191 993 336 1047 plures
368 993 610 1034 abundavit.
659 995 774 1051 ΕΝ)
796 1012 886 1036 non
915 997 1023 1037 sicut
1043 1012 1123 1052 per
1141 1013 1278 1037 unum
1307 1006 1546 1052 peccatum,
1566 994 1623 1036 ita

193 1081 233 1110 ct
263 1071 441 1111 donum.
500 1071 610 1111 Nam
640 1070 849 1127 judicium
877 1073 1051 1128 quidem
1085 1090 1132 1114 cx
1161 1089 1252 1113 uno
1282 1071 1326 1113 in
1359 1073 1623 1114 condemna-

191 1147 378 1189 tionem:
408 1149 539 1199 gratia
562 1159 701 1188 autem
733 1164 780 1188 ex
800 1148 943 1190 multis
975 1149 1136 1191 delictis
1166 1150 1211 1190 in
1240 1148 1623 1204 justificationem.“

193 1223 303 1265 Cum
335 1225 380 1265 in
410 1224 702 1280 superioribus
731 1225 898 1267 dixisset
928 1227 1161 1282 Apostolus
1194 1227 1248 1267 de
1266 1226 1428 1266 Adam:
1460 1226 1560 1281 „qui
1577 1226 1623 1281 8)

194 1313 253 1344 cst
282 1303 422 1342 forma
456 1302 635 1343 suturi:“
664 1303 872 1357 videns9)
903 1302 1062 1358 requiri
1091 1319 1239 1358 posse,
1271 1303 1391 1358 quia,
1418 1303 1453 1344 si
1482 1303 1625 1344 Adam

191 1382 332 1420 forma
365 1379 521 1421 Christi
554 1391 634 1429 est,
681 1396 780 1431 ergo
814 1392 854 1421 et
895 1382 940 1423 in
973 1397 1046 1430 eo,
1089 1397 1175 1436 quo
1205 1379 1417 1436 peccavit,
1454 1395 1626 1421 necesse

192 1468 251 1498 est
279 1468 326 1498 ut
356 1458 542 1498 sormam
583 1456 739 1499 Christi
781 1458 997 1508 habuerit,
1036 1469 1075 1498 et
1110 1457 1153 1498 in
1196 1474 1271 1507 eo,
1310 1473 1398 1513 quo
1439 1457 1627 1508 regnavit

191 1552 306 1576 mors
339 1536 391 1575 ab
424 1537 562 1576 Adam
593 1552 728 1591 usque
759 1537 813 1577 ad
843 1535 1020 1576 Mosen:
1064 1535 1150 1576 hoc
1189 1546 1329 1576 autem
1371 1535 1424 1575 de
1455 1533 1624 1575 Christo

188 1611 345 1653 sentire
376 1612 597 1653 videbatur
626 1614 881 1663 absurdum,
913 1612 1120 1654 continuo
1161 1610 1398 1667 subjungit:
1437 1610 1626 1665 ‚,sed¹⁰)

192 1706 281 1729 non
313 1688 421 1729 sicut
452 1690 671 1739 delictum,
701 1690 758 1730 ita
790 1702 829 1731 et
860 1693 1023 1732 donum
1038 1695 1075 1731 :“
1106 1701 1145 1731 et
1173 1689 1324 1744 incipit
1354 1705 1402 1730 ex
1425 1689 1510 1730 hoc
1538 1704 1624 1730 ser—

190 1782 322 1807 mone
363 1766 491 1807 veluti
529 1778 661 1807 semet
698 1767 837 1822 ipsum
877 1768 1126 1823 explanare,
1168 1767 1395 1822 quomodo
1438 1767 1623 1806 formam

193 1841 350 1884 Christi
382 1842 533 1884 dixerit
574 1860 660 1885 esse
700 1845 852 1885 Adam.
921 1843 1086 1898 „Si'¹)
1127 1844 1264 1892 enim,
1299 1843 1462 1898 inquit,
1498 1842 1624 1883 unius

192 1920 349 1961 delicto
395 1920 519 1961 multi
568 1920 730 1961 mortui
773 1926 920 1972 sunt,“
960 1946 1011 1953 —
1045 1920 1090 1962 in
1131 1921 1273 1962 Adam
1318 1920 1533 1970 videlicet,
1572 1943 1622 1951 ——

313 2116 356 2171 ι>
387 2115 498 2156 Edd.
533 2116 730 2159 Merlini:
763 2117 1027 2174 relinquetur
1057 2135 1155 2172 ergo
1189 2131 1263 2161 etc.

312 2185 358 2242 2)
392 2186 519 2229 Rom.
549 2188 600 2237 V,
631 2189 697 2229 14.
816 2189 863 2245 3)
896 2190 1022 2230 Rom.
1055 2191 1107 2240 V,
1137 2190 1202 2232 14.

306 2256 352 2311 4)
387 2257 501 2305 Edd.
531 2258 732 2299 Merlini:
763 2272 1060 2315 peccaverant.

308 2326 353 2382 ⁵³)
387 2328 513 2371 Rom.
544 2330 597 2378 V,
629 2329 694 2370 14.

307 2398 353 2451 ⁶)
385 2398 510 2440 Rom.
544 2401 595 2448 V,
625 2398 690 2441 15.
721 2399 786 2441 16.
819 2424 870 2431 —
902 2399 1012 2441 Edd.
1045 2399 1105 2442 M.
1138 2412 1177 2441 ct
1209 2401 1257 2445 R.
1289 2402 1372 2443 hoc
1403 2402 1519 2452 loco,
1551 2402 1621 2441 cfr.

191 2472 284 2512 pag.
314 2455 408 2497 319.
441 2467 527 2496 not.
560 2459 596 2500 1.
626 2456 924 2505 „ab11ndav1t.“

310 2524 354 2579 ⁷)
384 2525 681 2581 Mss.plu1es:
715 2526 794 2575 „lut
824 2544 912 2566 non
950 2527 1055 2568 sicut
1090 2543 1166 2583 ρει
1197 2543 1332 2570 unum
1364 2538 1626 2583 peccantem,

192 2581 273 2622 ἰαῦ(
307 2593 382 2622 cte.
414 2581 462 2624 R.
496 2608 548 2614 -—
582 2580 669 2622 Cfr.
703 2584 797 2624 edd.
831 2584 880 2623 N.
909 2582 960 2622 T

311 2650 357 2703 ⁸)
390 2651 516 2692 Rom.
546 2652 598 2701 V,
629 2651 693 2694 11.

310 2719 354 2775 ⁹)
385 2721 500 2763 Editi
529 2722 590 2778 (v.
624 2740 664 2767 c.
697 2725 790 2765 edd.
825 2722 930 2777 Μ.;>
967 2723 1137 2773 „videns
1159 2723 1259 2779 quia
1289 2724 1446 2780 requini
1475 2735 1627 2781 posset

199 2777 323 2830 ‘'uia“
357 2789 432 2818 etc.
466 2778 513 2818 R.

285 2846 357 2900 ¹⁰)
391 2847 515 2891 Rom.
547 2849 597 2899 V,
630 2851 692 2894 15.
830 2849 900 2903 ¹¹)
932 2849 1058 2891 Rom.
1090 2851 1141 2901 V,
1172 2853 1236 2896 15.
