<?xml version="1.0" encoding="UTF-8"?>
<!DOCTYPE html PUBLIC "-//W3C//DTD XHTML 1.0 Transitional//EN"
    "http://www.w3.org/TR/xhtml1/DTD/xhtml1-transitional.dtd">
<html xmlns="http://www.w3.org/1999/xhtml" xml:lang="en" lang="en">
 <head>
  <title>
</title>
<meta http-equiv="Content-Type" content="text/html;charset=utf-8" />
  <meta name='ocr-system' content='tesseract 3.04.00' />
  <meta name='ocr-capabilities' content='ocr_page ocr_carea ocr_par ocr_line ocrx_word'/>
</head>
<body>
  <div class='ocr_page' id='page_1' title='image "./operaomniaquaegr06orig/operaomniaquaegr06orig_0382.png"; bbox 0 0 1788 3111; ppageno 0'>
   <div class='ocr_carea' id='block_1_1' title="bbox 239 102 1332 152">
    <p class='ocr_par' dir='ltr' id='par_1_1' title="bbox 239 102 1332 152">
     <span class='ocr_line' id='line_1_1' title="bbox 239 102 1332 152; baseline -0.005 0"><span class='ocrx_word' id='word_1_1' title='bbox 239 109 326 152; x_wconf 80' lang='lat'><strong>370</strong></span> <span class='ocrx_word' id='word_1_2' title='bbox 580 105 802 146; x_wconf 70' lang='lat' dir='ltr'><strong>Omenms</strong></span> <span class='ocrx_word' id='word_1_3' title='bbox 831 115 879 146; x_wconf 78' lang='lat' dir='ltr'><strong>m</strong></span> <span class='ocrx_word' id='word_1_4' title='bbox 906 107 983 147; x_wconf 82' lang='grc' dir='ltr'><strong>ΕΡ.</strong></span> <span class='ocrx_word' id='word_1_5' title='bbox 1014 114 1074 145; x_wconf 78' lang='lat' dir='ltr'><strong>Ao</strong></span> <span class='ocrx_word' id='word_1_6' title='bbox 1106 102 1332 147; x_wconf 75' lang='lat' dir='ltr'><strong>ROMANos</strong></span> 
     </span>
    </p>
   </div>
   <div class='ocr_carea' id='block_1_2' title="bbox 233 215 1670 1980">
    <p class='ocr_par' dir='ltr' id='par_1_2' title="bbox 233 215 1670 1980">
     <span class='ocr_line' id='line_1_2' title="bbox 244 215 1668 275; baseline 0 -16"><span class='ocrx_word' id='word_1_7' title='bbox 244 219 404 275; x_wconf 84' lang='lat' dir='ltr'><strong>repleta</strong></span> <span class='ocrx_word' id='word_1_8' title='bbox 436 227 497 258; x_wconf 83' lang='lat' dir='ltr'><strong>est</strong></span> <span class='ocrx_word' id='word_1_9' title='bbox 535 227 648 258; x_wconf 84' lang='lat' dir='ltr'><strong>terra</strong></span> <span class='ocrx_word' id='word_1_10' title='bbox 692 215 1000 273; x_wconf 84' lang='lat' dir='ltr'><strong>iniquitatibus.</strong></span> <span class='ocrx_word' id='word_1_11' title='bbox 1057 216 1115 258; x_wconf 86' lang='lat' dir='ltr'><strong>Et</strong></span> <span class='ocrx_word' id='word_1_12' title='bbox 1144 215 1249 258; x_wconf 86' lang='lat' dir='ltr'><strong>vidit</strong></span> <span class='ocrx_word' id='word_1_13' title='bbox 1277 216 1397 259; x_wconf 85' lang='lat' dir='ltr'><strong>Deus</strong></span> <span class='ocrx_word' id='word_1_14' title='bbox 1427 227 1596 268; x_wconf 87' lang='lat' dir='ltr'><strong>terram,</strong></span> <span class='ocrx_word' id='word_1_15' title='bbox 1627 229 1668 260; x_wconf 83' lang='lat' dir='ltr'><strong>et</strong></span> 
     </span>
     <span class='ocr_line' id='line_1_3' title="bbox 244 293 1668 351; baseline -0.002 -13"><span class='ocrx_word' id='word_1_16' title='bbox 244 307 335 339; x_wconf 84' lang='lat' dir='ltr'><strong>erat</strong></span> <span class='ocrx_word' id='word_1_17' title='bbox 372 305 573 351; x_wconf 88' lang='lat' dir='ltr'><strong>corrupta</strong></span> <span class='ocrx_word' id='word_1_18' title='bbox 614 294 760 344; x_wconf 89' lang='lat' dir='ltr'><strong>valde,</strong></span> <span class='ocrx_word' id='word_1_19' title='bbox 798 293 896 349; x_wconf 84' lang='lat' dir='ltr'><strong>quia</strong></span> <span class='ocrx_word' id='word_1_20' title='bbox 941 305 1191 350; x_wconf 83' lang='lat' dir='ltr'><strong>corruperat</strong></span> <span class='ocrx_word' id='word_1_21' title='bbox 1241 294 1380 336; x_wconf 87' lang='lat' dir='ltr'><strong>omnis</strong></span> <span class='ocrx_word' id='word_1_22' title='bbox 1420 311 1519 336; x_wconf 91' lang='lat' dir='ltr'><strong>caro</strong></span> <span class='ocrx_word' id='word_1_23' title='bbox 1556 294 1668 336; x_wconf 87' lang='lat' dir='ltr'><strong>viam</strong></span> 
     </span>
     <span class='ocr_line' id='line_1_4' title="bbox 243 370 1668 429; baseline -0.002 -13"><span class='ocrx_word' id='word_1_24' title='bbox 243 391 364 416; x_wconf 87' lang='lat' dir='ltr'><strong>suam</strong></span> <span class='ocrx_word' id='word_1_25' title='bbox 404 389 533 429; x_wconf 87' lang='lat' dir='ltr'><strong>super</strong></span> <span class='ocrx_word' id='word_1_26' title='bbox 569 378 768 414; x_wconf 87' lang='lat' dir='ltr'><strong>terram.“</strong></span> <span class='ocrx_word' id='word_1_27' title='bbox 837 371 945 426; x_wconf 85' lang='lat' dir='ltr'><strong>Quis</strong></span> <span class='ocrx_word' id='word_1_28' title='bbox 990 387 1088 425; x_wconf 83' lang='lat' dir='ltr'><strong>ergo</strong></span> <span class='ocrx_word' id='word_1_29' title='bbox 1129 370 1247 426; x_wconf 88' lang='lat' dir='ltr'><strong>est¹)</strong></span> <span class='ocrx_word' id='word_1_30' title='bbox 1285 371 1343 413; x_wconf 87' lang='lat' dir='ltr'><strong>ita</strong></span> <span class='ocrx_word' id='word_1_31' title='bbox 1371 372 1563 422; x_wconf 78' lang='lat' dir='ltr'><strong>stolidus,</strong></span> <span class='ocrx_word' id='word_1_32' title='bbox 1596 372 1668 428; x_wconf 85' lang='lat' dir='ltr'><strong>qui</strong></span> 
     </span>
     <span class='ocr_line' id='line_1_5' title="bbox 241 448 1669 504; baseline -0.001 -11"><span class='ocrx_word' id='word_1_33' title='bbox 241 453 284 494; x_wconf 88' lang='lat' dir='ltr'><strong>in</strong></span> <span class='ocrx_word' id='word_1_34' title='bbox 324 452 388 493; x_wconf 84' lang='lat' dir='ltr'><strong>his</strong></span> <span class='ocrx_word' id='word_1_35' title='bbox 428 450 627 492; x_wconf 87' lang='lat' dir='ltr'><strong>omnibus</strong></span> <span class='ocrx_word' id='word_1_36' title='bbox 669 460 794 502; x_wconf 81' lang='lat' dir='ltr'><strong>neget</strong></span> <span class='ocrx_word' id='word_1_37' title='bbox 831 450 1069 490; x_wconf 79' lang='lat' dir='ltr'>abundasse</span> <span class='ocrx_word' id='word_1_38' title='bbox 1104 448 1357 504; x_wconf 84' lang='lat' dir='ltr'><strong>peccatum?</strong></span> <span class='ocrx_word' id='word_1_39' title='bbox 1425 451 1507 492; x_wconf 82' lang='lat' dir='ltr'><strong>Vel</strong></span> <span class='ocrx_word' id='word_1_40' title='bbox 1555 462 1669 492; x_wconf 81' lang='lat' dir='ltr'><strong>certe</strong></span> 
     </span>
     <span class='ocr_line' id='line_1_6' title="bbox 242 525 1667 583; baseline -0.002 -12"><span class='ocrx_word' id='word_1_41' title='bbox 242 547 341 572; x_wconf 89' lang='lat' dir='ltr'><strong>cum</strong></span> <span class='ocrx_word' id='word_1_42' title='bbox 374 530 427 570; x_wconf 83' lang='lat' dir='ltr'><strong>de</strong></span> <span class='ocrx_word' id='word_1_43' title='bbox 458 526 693 570; x_wconf 82' lang='lat' dir='ltr'>Sodomitis</span> <span class='ocrx_word' id='word_1_44' title='bbox 726 525 880 567; x_wconf 85' lang='lat' dir='ltr'><strong>dicitur</strong></span> <span class='ocrx_word' id='word_1_45' title='bbox 918 542 941 566; x_wconf 87' lang='lat' dir='ltr'><strong>a</strong></span> <span class='ocrx_word' id='word_1_46' title='bbox 980 526 1098 567; x_wconf 88' lang='lat' dir='ltr'><strong>Deo:</strong></span> <span class='ocrx_word' id='word_1_47' title='bbox 1129 525 1444 583; x_wconf 77' lang='lat' dir='ltr'><strong>„descendi,²&gt;</strong></span> <span class='ocrx_word' id='word_1_48' title='bbox 1474 538 1522 567; x_wconf 84' lang='lat' dir='ltr'><strong>ut</strong></span> <span class='ocrx_word' id='word_1_49' title='bbox 1551 526 1667 568; x_wconf 85' lang='lat' dir='ltr'><strong>vide-</strong></span> 
     </span>
     <span class='ocr_line' id='line_1_7' title="bbox 241 604 1670 659; baseline -0.003 -9"><span class='ocrx_word' id='word_1_50' title='bbox 241 625 345 659; x_wconf 85' lang='lat' dir='ltr'><strong>rem,</strong></span> <span class='ocrx_word' id='word_1_51' title='bbox 375 607 409 649; x_wconf 86' lang='lat' dir='ltr'><strong>si</strong></span> <span class='ocrx_word' id='word_1_52' title='bbox 439 606 676 648; x_wconf 89' lang='lat' dir='ltr'><strong>secundum</strong></span> <span class='ocrx_word' id='word_1_53' title='bbox 707 605 937 645; x_wconf 88' lang='lat' dir='ltr'><strong>clamorem</strong></span> <span class='ocrx_word' id='word_1_54' title='bbox 960 604 1283 645; x_wconf 81' lang='lat' dir='ltr'><strong>Sodomitarum</strong></span> <span class='ocrx_word' id='word_1_55' title='bbox 1316 615 1670 645; x_wconf 83' lang='lat' dir='ltr'><strong>consummantur</strong></span> 
     </span>
     <span class='ocr_line' id='line_1_8' title="bbox 244 680 1668 742; baseline -0.006 -14"><span class='ocrx_word' id='word_1_56' title='bbox 244 686 488 742; x_wconf 76' lang='lat' dir='ltr'><strong>iniquitates</strong></span> <span class='ocrx_word' id='word_1_57' title='bbox 509 700 657 724; x_wconf 87' lang='lat' dir='ltr'><strong>eorum</strong></span> <span class='ocrx_word' id='word_1_58' title='bbox 673 688 710 723; x_wconf 84' lang='lat'><strong>:“</strong></span> <span class='ocrx_word' id='word_1_59' title='bbox 731 682 796 722; x_wconf 85' lang='lat' dir='ltr'><strong>vel</strong></span> <span class='ocrx_word' id='word_1_60' title='bbox 817 699 913 723; x_wconf 90' lang='lat' dir='ltr'><strong>cum</strong></span> <span class='ocrx_word' id='word_1_61' title='bbox 935 681 1302 723; x_wconf 81' lang='lat' dir='ltr'><strong>circumsteterunt</strong></span> <span class='ocrx_word' id='word_1_62' title='bbox 1317 680 1362 736; x_wconf 77' lang='lat'><strong>3)</strong></span> <span class='ocrx_word' id='word_1_63' title='bbox 1380 682 1560 722; x_wconf 88' lang='lat' dir='ltr'><strong>domum</strong></span> <span class='ocrx_word' id='word_1_64' title='bbox 1572 682 1668 730; x_wconf 69' lang='lat' dir='ltr'><strong>Lot,</strong></span> 
     </span>
     <span class='ocr_line' id='line_1_9' title="bbox 240 758 1668 819; baseline -0.004 -15"><span class='ocrx_word' id='word_1_65' title='bbox 240 761 529 819; x_wconf 82' lang='lat' dir='ltr'><strong>impudicitiae</strong></span> <span class='ocrx_word' id='word_1_66' title='bbox 557 777 657 801; x_wconf 88' lang='lat' dir='ltr'><strong>suae</strong></span> <span class='ocrx_word' id='word_1_67' title='bbox 687 760 822 801; x_wconf 87' lang='lat' dir='ltr'><strong>scelus</strong></span> <span class='ocrx_word' id='word_1_68' title='bbox 855 760 980 801; x_wconf 88' lang='lat' dir='ltr'><strong>etiam</strong></span> <span class='ocrx_word' id='word_1_69' title='bbox 1009 759 1053 800; x_wconf 87' lang='lat' dir='ltr'><strong>in</strong></span> <span class='ocrx_word' id='word_1_70' title='bbox 1084 759 1254 812; x_wconf 86' lang='lat' dir='ltr'><strong>angelos</strong></span> <span class='ocrx_word' id='word_1_71' title='bbox 1291 758 1545 800; x_wconf 82' lang='lat' dir='ltr'><strong>molientes?</strong></span> <span class='ocrx_word' id='word_1_72' title='bbox 1581 760 1668 799; x_wconf 87' lang='lat' dir='ltr'><strong>Aut</strong></span> 
     </span>
     <span class='ocr_line' id='line_1_10' title="bbox 239 836 1666 893; baseline -0.004 -12"><span class='ocrx_word' id='word_1_73' title='bbox 239 853 342 882; x_wconf 89' lang='lat' dir='ltr'><strong>tunc</strong></span> <span class='ocrx_word' id='word_1_74' title='bbox 372 841 549 880; x_wconf 84' lang='lat' dir='ltr'><strong>sortasse</strong></span> <span class='ocrx_word' id='word_1_75' title='bbox 579 855 668 879; x_wconf 85' lang='lat' dir='ltr'><strong>non</strong></span> <span class='ocrx_word' id='word_1_76' title='bbox 699 839 947 879; x_wconf 80' lang='lat' dir='ltr'><strong>abundabat</strong></span> <span class='ocrx_word' id='word_1_77' title='bbox 977 849 1217 893; x_wconf 85' lang='lat' dir='ltr'><strong>peccatum,</strong></span> <span class='ocrx_word' id='word_1_78' title='bbox 1257 853 1355 877; x_wconf 92' lang='lat' dir='ltr'><strong>cum</strong></span> <span class='ocrx_word' id='word_1_79' title='bbox 1392 836 1561 877; x_wconf 81' lang='lat' dir='ltr'><strong>Pharao</strong></span> <span class='ocrx_word' id='word_1_80' title='bbox 1603 837 1666 876; x_wconf 90' lang='lat' dir='ltr'><strong>af-</strong></span> 
     </span>
     <span class='ocr_line' id='line_1_11' title="bbox 239 914 1665 972; baseline -0.004 -12"><span class='ocrx_word' id='word_1_81' title='bbox 239 917 470 972; x_wconf 73' lang='lat' dir='ltr'><strong>ssigebat⁴)</strong></span> <span class='ocrx_word' id='word_1_82' title='bbox 509 916 621 957; x_wconf 84' lang='lat' dir='ltr'><strong>filios</strong></span> <span class='ocrx_word' id='word_1_83' title='bbox 664 915 794 956; x_wconf 89' lang='lat' dir='ltr'><strong>Israel</strong></span> <span class='ocrx_word' id='word_1_84' title='bbox 834 914 876 955; x_wconf 88' lang='lat' dir='ltr'><strong>in</strong></span> <span class='ocrx_word' id='word_1_85' title='bbox 909 915 1000 956; x_wconf 91' lang='lat' dir='ltr'><strong>luto</strong></span> <span class='ocrx_word' id='word_1_86' title='bbox 1033 926 1074 956; x_wconf 87' lang='lat' dir='ltr'><strong>et</strong></span> <span class='ocrx_word' id='word_1_87' title='bbox 1103 915 1259 964; x_wconf 86' lang='lat' dir='ltr'><strong>latere,</strong></span> <span class='ocrx_word' id='word_1_88' title='bbox 1290 925 1330 955; x_wconf 92' lang='lat' dir='ltr'><strong>et</strong></span> <span class='ocrx_word' id='word_1_89' title='bbox 1360 925 1483 955; x_wconf 89' lang='lat' dir='ltr'><strong>natos</strong></span> <span class='ocrx_word' id='word_1_90' title='bbox 1515 930 1665 955; x_wconf 89' lang='lat' dir='ltr'><strong>eorum</strong></span> 
     </span>
     <span class='ocr_line' id='line_1_12' title="bbox 237 990 1666 1053; baseline -0.006 -15"><span class='ocrx_word' id='word_1_91' title='bbox 237 996 381 1038; x_wconf 86' lang='lat' dir='ltr'><strong>necari</strong></span> <span class='ocrx_word' id='word_1_92' title='bbox 418 993 655 1053; x_wconf 78' lang='lat' dir='ltr'><strong>jubebat5)</strong></span> <span class='ocrx_word' id='word_1_93' title='bbox 692 993 736 1034; x_wconf 89' lang='lat' dir='ltr'><strong>in</strong></span> <span class='ocrx_word' id='word_1_94' title='bbox 767 992 973 1034; x_wconf 82' lang='lat' dir='ltr'><strong>flumine?</strong></span> <span class='ocrx_word' id='word_1_95' title='bbox 1013 993 1071 1033; x_wconf 87' lang='lat' dir='ltr'><strong>Et</strong></span> <span class='ocrx_word' id='word_1_96' title='bbox 1109 991 1256 1048; x_wconf 85' lang='lat' dir='ltr'><strong>utique</strong></span> <span class='ocrx_word' id='word_1_97' title='bbox 1294 992 1493 1033; x_wconf 86' lang='lat' dir='ltr'><strong>nondum</strong></span> <span class='ocrx_word' id='word_1_98' title='bbox 1529 990 1666 1033; x_wconf 87' lang='lat' dir='ltr'><strong>Mosis</strong></span> 
     </span>
     <span class='ocr_line' id='line_1_13' title="bbox 237 1068 1664 1125; baseline -0.005 -10"><span class='ocrx_word' id='word_1_99' title='bbox 237 1075 303 1116; x_wconf 87' lang='lat' dir='ltr'><strong>lex</strong></span> <span class='ocrx_word' id='word_1_100' title='bbox 334 1072 665 1121; x_wconf 84' lang='lat' dir='ltr'><strong>subintraverat,</strong></span> <span class='ocrx_word' id='word_1_101' title='bbox 713 1088 811 1112; x_wconf 87' lang='lat' dir='ltr'><strong>cum</strong></span> <span class='ocrx_word' id='word_1_102' title='bbox 850 1072 953 1112; x_wconf 91' lang='lat' dir='ltr'><strong>haec</strong></span> <span class='ocrx_word' id='word_1_103' title='bbox 983 1078 1099 1111; x_wconf 82' lang='lat' dir='ltr'><strong>tanta</strong></span> <span class='ocrx_word' id='word_1_104' title='bbox 1128 1081 1402 1125; x_wconf 84' lang='lat' dir='ltr'><strong>peccatorum</strong></span> <span class='ocrx_word' id='word_1_105' title='bbox 1432 1069 1550 1109; x_wconf 86' lang='lat' dir='ltr'><strong>labes</strong></span> <span class='ocrx_word' id='word_1_106' title='bbox 1582 1068 1664 1109; x_wconf 86' lang='lat' dir='ltr'><strong>dif-</strong></span> 
     </span>
     <span class='ocr_line' id='line_1_14' title="bbox 237 1145 1665 1203; baseline -0.005 -10"><span class='ocrx_word' id='word_1_107' title='bbox 237 1152 502 1193; x_wconf 85' lang='lat' dir='ltr'><strong>fundebatur</strong></span> <span class='ocrx_word' id='word_1_108' title='bbox 545 1148 591 1188; x_wconf 85' lang='lat' dir='ltr'><strong>in</strong></span> <span class='ocrx_word' id='word_1_109' title='bbox 635 1159 761 1189; x_wconf 85' lang='lat' dir='ltr'><strong>terra.</strong></span> <span class='ocrx_word' id='word_1_110' title='bbox 829 1149 893 1189; x_wconf 85' lang='lat' dir='ltr'><strong>Ex</strong></span> <span class='ocrx_word' id='word_1_111' title='bbox 937 1146 1091 1203; x_wconf 88' lang='lat' dir='ltr'><strong>quibus</strong></span> <span class='ocrx_word' id='word_1_112' title='bbox 1136 1146 1371 1199; x_wconf 84' lang='lat' dir='ltr'><strong>colligitur,</strong></span> <span class='ocrx_word' id='word_1_113' title='bbox 1417 1145 1665 1194; x_wconf 87' lang='lat' dir='ltr'><strong>haereticos,</strong></span> 
     </span>
     <span class='ocr_line' id='line_1_15' title="bbox 236 1223 1665 1286; baseline -0.004 -16"><span class='ocrx_word' id='word_1_114' title='bbox 236 1246 345 1286; x_wconf 92' lang='lat' dir='ltr'><strong>quos</strong></span> <span class='ocrx_word' id='word_1_115' title='bbox 374 1243 502 1283; x_wconf 90' lang='lat' dir='ltr'><strong>supra</strong></span> <span class='ocrx_word' id='word_1_116' title='bbox 533 1225 726 1276; x_wconf 70' lang='lat' dir='ltr'><strong>diXimus,</strong></span> <span class='ocrx_word' id='word_1_117' title='bbox 757 1226 823 1266; x_wconf 90' lang='lat' dir='ltr'><strong>vel</strong></span> <span class='ocrx_word' id='word_1_118' title='bbox 837 1223 882 1280; x_wconf 74' lang='lat'><strong>⁶)</strong></span> <span class='ocrx_word' id='word_1_119' title='bbox 913 1224 946 1266; x_wconf 90' lang='lat' dir='ltr'><strong>si</strong></span> <span class='ocrx_word' id='word_1_120' title='bbox 978 1225 1050 1281; x_wconf 89' lang='lat' dir='ltr'><strong>qui</strong></span> <span class='ocrx_word' id='word_1_121' title='bbox 1080 1236 1190 1275; x_wconf 89' lang='lat' dir='ltr'><strong>sunt,</strong></span> <span class='ocrx_word' id='word_1_122' title='bbox 1222 1223 1295 1280; x_wconf 86' lang='lat' dir='ltr'><strong>qui</strong></span> <span class='ocrx_word' id='word_1_123' title='bbox 1326 1241 1422 1265; x_wconf 88' lang='lat' dir='ltr'><strong>cum</strong></span> <span class='ocrx_word' id='word_1_124' title='bbox 1450 1223 1533 1265; x_wconf 84' lang='lat' dir='ltr'><strong>illis</strong></span> <span class='ocrx_word' id='word_1_125' title='bbox 1561 1225 1665 1264; x_wconf 86' lang='lat' dir='ltr'><strong>haec</strong></span> 
     </span>
     <span class='ocr_line' id='line_1_16' title="bbox 236 1301 1665 1359; baseline -0.005 -11"><span class='ocrx_word' id='word_1_126' title='bbox 236 1308 291 1349; x_wconf 88' lang='lat' dir='ltr'><strong>de</strong></span> <span class='ocrx_word' id='word_1_127' title='bbox 320 1305 454 1348; x_wconf 86' lang='lat' dir='ltr'><strong>Mosis</strong></span> <span class='ocrx_word' id='word_1_128' title='bbox 483 1305 574 1357; x_wconf 79' lang='lat' dir='ltr'><strong>lege</strong></span> <span class='ocrx_word' id='word_1_129' title='bbox 606 1304 718 1345; x_wconf 86' lang='lat' dir='ltr'><strong>dicta</strong></span> <span class='ocrx_word' id='word_1_130' title='bbox 748 1302 1048 1359; x_wconf 83' lang='lat' dir='ltr'><strong>suscipiant,⁷)</strong></span> <span class='ocrx_word' id='word_1_131' title='bbox 1076 1318 1131 1343; x_wconf 81' lang='lat' dir='ltr'><strong>ne</strong></span> <span class='ocrx_word' id='word_1_132' title='bbox 1162 1301 1309 1343; x_wconf 88' lang='lat' dir='ltr'><strong>leviter</strong></span> <span class='ocrx_word' id='word_1_133' title='bbox 1338 1301 1513 1358; x_wconf 86' lang='lat' dir='ltr'><strong>quidem</strong></span> <span class='ocrx_word' id='word_1_134' title='bbox 1544 1301 1665 1357; x_wconf 85' lang='lat' dir='ltr'><strong>Apo·</strong></span> 
     </span>
     <span class='ocr_line' id='line_1_17' title="bbox 235 1378 1664 1437; baseline -0.006 -10"><span class='ocrx_word' id='word_1_135' title='bbox 235 1384 434 1428; x_wconf 68' lang='lat' dir='ltr'><strong>stolicum</strong></span> <span class='ocrx_word' id='word_1_136' title='bbox 472 1399 641 1425; x_wconf 81' lang='lat' dir='ltr'><strong>sensum</strong></span> <span class='ocrx_word' id='word_1_137' title='bbox 680 1380 869 1437; x_wconf 86' lang='lat' dir='ltr'><strong>potuisse</strong></span> <span class='ocrx_word' id='word_1_138' title='bbox 906 1378 1163 1433; x_wconf 84' lang='lat' dir='ltr'><strong>contingere.</strong></span> <span class='ocrx_word' id='word_1_139' title='bbox 1236 1379 1371 1432; x_wconf 85' lang='lat' dir='ltr'><strong>Magis</strong></span> <span class='ocrx_word' id='word_1_140' title='bbox 1420 1396 1519 1433; x_wconf 81' lang='lat' dir='ltr'><strong>ergo</strong></span> <span class='ocrx_word' id='word_1_141' title='bbox 1555 1378 1664 1419; x_wconf 85' lang='lat' dir='ltr'><strong>illud</strong></span> 
     </span>
     <span class='ocr_line' id='line_1_18' title="bbox 235 1455 1664 1515; baseline -0.005 -11"><span class='ocrx_word' id='word_1_142' title='bbox 235 1463 280 1505; x_wconf 85' lang='lat' dir='ltr'><strong>in</strong></span> <span class='ocrx_word' id='word_1_143' title='bbox 310 1463 393 1503; x_wconf 85' lang='lat' dir='ltr'><strong>hoc</strong></span> <span class='ocrx_word' id='word_1_144' title='bbox 421 1462 521 1502; x_wconf 92' lang='lat' dir='ltr'><strong>loco</strong></span> <span class='ocrx_word' id='word_1_145' title='bbox 556 1460 684 1501; x_wconf 88' lang='lat' dir='ltr'><strong>debet</strong></span> <span class='ocrx_word' id='word_1_146' title='bbox 721 1457 921 1511; x_wconf 81' lang='lat' dir='ltr'><strong>intelligi,</strong></span> <span class='ocrx_word' id='word_1_147' title='bbox 960 1474 1069 1508; x_wconf 89' lang='lat' dir='ltr'><strong>esse,</strong></span> <span class='ocrx_word' id='word_1_148' title='bbox 1115 1468 1163 1498; x_wconf 89' lang='lat' dir='ltr'><strong>ut</strong></span> <span class='ocrx_word' id='word_1_149' title='bbox 1199 1474 1324 1513; x_wconf 89' lang='lat' dir='ltr'><strong>saepe</strong></span> <span class='ocrx_word' id='word_1_150' title='bbox 1353 1455 1440 1515; x_wconf 84' lang='lat' dir='ltr'><strong>jam</strong></span> <span class='ocrx_word' id='word_1_151' title='bbox 1471 1456 1664 1506; x_wconf 83' lang='lat' dir='ltr'><strong>diximus,</strong></span> 
     </span>
     <span class='ocr_line' id='line_1_19' title="bbox 235 1532 1662 1594; baseline -0.006 -11"><span class='ocrx_word' id='word_1_152' title='bbox 235 1542 372 1594; x_wconf 82' lang='lat' dir='ltr'><strong>legem</strong></span> <span class='ocrx_word' id='word_1_153' title='bbox 403 1551 602 1587; x_wconf 84' lang='lat' dir='ltr'><strong>naturae,</strong></span> <span class='ocrx_word' id='word_1_154' title='bbox 641 1552 748 1592; x_wconf 84' lang='lat' dir='ltr'><strong>quae</strong></span> <span class='ocrx_word' id='word_1_155' title='bbox 784 1534 938 1591; x_wconf 84' lang='lat' dir='ltr'><strong>scripta</strong></span> <span class='ocrx_word' id='word_1_156' title='bbox 979 1546 1040 1576; x_wconf 89' lang='lat' dir='ltr'><strong>est</strong></span> <span class='ocrx_word' id='word_1_157' title='bbox 1076 1534 1255 1590; x_wconf 77' lang='lat' dir='ltr'><strong>„non⁸)</strong></span> <span class='ocrx_word' id='word_1_158' title='bbox 1294 1534 1339 1575; x_wconf 88' lang='lat' dir='ltr'><strong>in</strong></span> <span class='ocrx_word' id='word_1_159' title='bbox 1369 1533 1524 1576; x_wconf 81' lang='lat' dir='ltr'><strong>tabulis</strong></span> <span class='ocrx_word' id='word_1_160' title='bbox 1554 1532 1662 1590; x_wconf 87' lang='lat' dir='ltr'><strong>lapi-</strong></span> 
     </span>
     <span class='ocr_line' id='line_1_20' title="bbox 235 1613 1663 1667; baseline -0.005 -7"><span class='ocrx_word' id='word_1_161' title='bbox 235 1618 337 1667; x_wconf 86' lang='lat' dir='ltr'><strong>deis,</strong></span> <span class='ocrx_word' id='word_1_162' title='bbox 369 1617 443 1659; x_wconf 91' lang='lat' dir='ltr'><strong>sed</strong></span> <span class='ocrx_word' id='word_1_163' title='bbox 472 1615 517 1656; x_wconf 87' lang='lat' dir='ltr'><strong>in</strong></span> <span class='ocrx_word' id='word_1_164' title='bbox 546 1613 702 1656; x_wconf 80' lang='lat' dir='ltr'><strong>tabulis</strong></span> <span class='ocrx_word' id='word_1_165' title='bbox 733 1613 873 1654; x_wconf 87' lang='lat' dir='ltr'><strong>cordis</strong></span> <span class='ocrx_word' id='word_1_166' title='bbox 899 1613 1160 1666; x_wconf 83' lang='lat' dir='ltr'><strong>carnalibus3</strong></span> <span class='ocrx_word' id='word_1_167' title='bbox 1190 1629 1282 1654; x_wconf 90' lang='lat' dir='ltr'><strong>non</strong></span> <span class='ocrx_word' id='word_1_168' title='bbox 1306 1623 1557 1662; x_wconf 87' lang='lat' dir='ltr'><strong>atramento,</strong></span> <span class='ocrx_word' id='word_1_169' title='bbox 1588 1613 1663 1653; x_wconf 89' lang='lat' dir='ltr'><strong>scd</strong></span> 
     </span>
     <span class='ocr_line' id='line_1_21' title="bbox 234 1690 1663 1751; baseline -0.003 -15"><span class='ocrx_word' id='word_1_170' title='bbox 234 1695 384 1751; x_wconf 85' lang='lat' dir='ltr'><strong>spiritu</strong></span> <span class='ocrx_word' id='word_1_171' title='bbox 416 1692 502 1735; x_wconf 80' lang='lat' dir='ltr'><strong>Dei</strong></span> <span class='ocrx_word' id='word_1_172' title='bbox 530 1691 667 1744; x_wconf 85' lang='lat' dir='ltr'><strong>vivi;“</strong></span> <span class='ocrx_word' id='word_1_173' title='bbox 712 1708 821 1747; x_wconf 86' lang='lat' dir='ltr'><strong>quae</strong></span> <span class='ocrx_word' id='word_1_174' title='bbox 850 1692 916 1732; x_wconf 86' lang='lat' dir='ltr'><strong>lex</strong></span> <span class='ocrx_word' id='word_1_175' title='bbox 947 1693 999 1733; x_wconf 90' lang='lat' dir='ltr'><strong>ab</strong></span> <span class='ocrx_word' id='word_1_176' title='bbox 1030 1691 1128 1741; x_wconf 91' lang='lat' dir='ltr'><strong>illo,</strong></span> <span class='ocrx_word' id='word_1_177' title='bbox 1169 1690 1241 1747; x_wconf 89' lang='lat' dir='ltr'><strong>qui</strong></span> <span class='ocrx_word' id='word_1_178' title='bbox 1273 1692 1326 1732; x_wconf 91' lang='lat' dir='ltr'><strong>ab</strong></span> <span class='ocrx_word' id='word_1_179' title='bbox 1356 1690 1479 1732; x_wconf 85' lang='lat' dir='ltr'><strong>initio</strong></span> <span class='ocrx_word' id='word_1_180' title='bbox 1509 1690 1663 1731; x_wconf 83' lang='lat' dir='ltr'><strong>creavit</strong></span> 
     </span>
     <span class='ocr_line' id='line_1_22' title="bbox 233 1767 1662 1825; baseline -0.004 -11"><span class='ocrx_word' id='word_1_181' title='bbox 233 1773 476 1821; x_wconf 87' lang='lat' dir='ltr'><strong>hominem,</strong></span> <span class='ocrx_word' id='word_1_182' title='bbox 517 1770 573 1811; x_wconf 85' lang='lat' dir='ltr'><strong>ita</strong></span> <span class='ocrx_word' id='word_1_183' title='bbox 617 1770 663 1811; x_wconf 86' lang='lat' dir='ltr'><strong>in</strong></span> <span class='ocrx_word' id='word_1_184' title='bbox 700 1768 926 1825; x_wconf 85' lang='lat' dir='ltr'><strong>principali</strong></span> <span class='ocrx_word' id='word_1_185' title='bbox 958 1768 1099 1809; x_wconf 86' lang='lat' dir='ltr'><strong>cordis</strong></span> <span class='ocrx_word' id='word_1_186' title='bbox 1131 1767 1218 1825; x_wconf 89' lang='lat' dir='ltr'><strong>ejus</strong></span> <span class='ocrx_word' id='word_1_187' title='bbox 1249 1768 1459 1824; x_wconf 86' lang='lat' dir='ltr'><strong>adscripta</strong></span> <span class='ocrx_word' id='word_1_188' title='bbox 1493 1780 1576 1818; x_wconf 88' lang='lat' dir='ltr'><strong>est,</strong></span> <span class='ocrx_word' id='word_1_189' title='bbox 1615 1780 1662 1809; x_wconf 90' lang='lat' dir='ltr'><strong>ut</strong></span> 
     </span>
     <span class='ocr_line' id='line_1_23' title="bbox 235 1844 1658 1907; baseline -0.005 -15"><span class='ocrx_word' id='word_1_190' title='bbox 235 1861 484 1907; x_wconf 88' lang='lat' dir='ltr'><strong>opportuno</strong></span> <span class='ocrx_word' id='word_1_191' title='bbox 514 1859 723 1903; x_wconf 88' lang='lat' dir='ltr'><strong>tempore,</strong></span> <span class='ocrx_word' id='word_1_192' title='bbox 754 1863 852 1887; x_wconf 89' lang='lat' dir='ltr'><strong>cum</strong></span> <span class='ocrx_word' id='word_1_193' title='bbox 882 1844 967 1903; x_wconf 82' lang='lat' dir='ltr'><strong>jam</strong></span> <span class='ocrx_word' id='word_1_194' title='bbox 997 1845 1174 1902; x_wconf 79' lang='lat' dir='ltr'><strong>paginae</strong></span> <span class='ocrx_word' id='word_1_195' title='bbox 1196 1845 1310 1901; x_wconf 87' lang='lat' dir='ltr'><strong>ipsae</strong></span> <span class='ocrx_word' id='word_1_196' title='bbox 1329 1846 1523 1900; x_wconf 74' lang='lat' dir='ltr'><strong>menti9)</strong></span> <span class='ocrx_word' id='word_1_197' title='bbox 1554 1846 1658 1886; x_wconf 89' lang='lat' dir='ltr'><strong>ado-</strong></span> 
     </span>
     <span class='ocr_line' id='line_1_24' title="bbox 233 1921 1660 1980; baseline -0.005 -11"><span class='ocrx_word' id='word_1_198' title='bbox 233 1926 433 1976; x_wconf 85' lang='lat' dir='ltr'><strong>leverint,</strong></span> <span class='ocrx_word' id='word_1_199' title='bbox 469 1925 536 1966; x_wconf 86' lang='lat' dir='ltr'><strong>vel</strong></span> <span class='ocrx_word' id='word_1_200' title='bbox 565 1922 731 1980; x_wconf 78' lang='lat' dir='ltr'><strong>potius,</strong></span> <span class='ocrx_word' id='word_1_201' title='bbox 763 1935 809 1964; x_wconf 83' lang='lat' dir='ltr'><strong>ut</strong></span> <span class='ocrx_word' id='word_1_202' title='bbox 838 1923 1058 1979; x_wconf 81' lang='lat' dir='ltr'><strong>Scriptura</strong></span> <span class='ocrx_word' id='word_1_203' title='bbox 1086 1922 1344 1972; x_wconf 85' lang='lat' dir='ltr'><strong>nominavit,</strong></span> <span class='ocrx_word' id='word_1_204' title='bbox 1384 1921 1461 1963; x_wconf 89' lang='lat' dir='ltr'><strong>ubi</strong></span> <span class='ocrx_word' id='word_1_205' title='bbox 1489 1923 1660 1963; x_wconf 88' lang='lat' dir='ltr'><strong>tabulae</strong></span> 
     </span>
    </p>
   </div>
   <div class='ocr_carea' id='block_1_3' title="bbox 235 1999 1658 2058">
    <p class='ocr_par' dir='ltr' id='par_1_3' title="bbox 235 1999 1658 2058">
     <span class='ocr_line' id='line_1_25' title="bbox 235 1999 1658 2058; baseline -0.004 -12"><span class='ocrx_word' id='word_1_206' title='bbox 235 2003 376 2046; x_wconf 87' lang='lat' dir='ltr'><strong>cordis</strong></span> <span class='ocrx_word' id='word_1_207' title='bbox 407 2002 595 2044; x_wconf 87' lang='lat' dir='ltr'><strong>carnales</strong></span> <span class='ocrx_word' id='word_1_208' title='bbox 626 2001 846 2058; x_wconf 86' lang='lat' dir='ltr'><strong>coeperint</strong></span> <span class='ocrx_word' id='word_1_209' title='bbox 861 2012 1088 2054; x_wconf 82' lang='lat' dir='ltr'><strong>augmento</strong></span> <span class='ocrx_word' id='word_1_210' title='bbox 1108 2001 1177 2056; x_wconf 84' lang='lat'><strong>¹⁰)</strong></span> <span class='ocrx_word' id='word_1_211' title='bbox 1212 1999 1356 2042; x_wconf 87' lang='lat' dir='ltr'><strong>aetatis</strong></span> <span class='ocrx_word' id='word_1_212' title='bbox 1377 2000 1544 2057; x_wconf 84' lang='lat' dir='ltr'><strong>aperiri,</strong></span> <span class='ocrx_word' id='word_1_213' title='bbox 1575 2000 1658 2041; x_wconf 87' lang='lat' dir='ltr'><strong>dif-</strong></span> 
     </span>
    </p>
   </div>
   <div class='ocr_carea' id='block_1_4' title="bbox 347 2182 1542 2454">
    <p class='ocr_par' dir='ltr' id='par_1_4' title="bbox 350 2182 1265 2241">
     <span class='ocr_line' id='line_1_26' title="bbox 350 2182 1265 2241; baseline -0.002 -13"><span class='ocrx_word' id='word_1_214' title='bbox 350 2188 393 2241; x_wconf 84' lang='lat'><strong>¹)</strong></span> <span class='ocrx_word' id='word_1_215' title='bbox 424 2185 705 2228; x_wconf 77' lang='lat' dir='ltr'><strong>&#39;Desideratur</strong></span> <span class='ocrx_word' id='word_1_216' title='bbox 733 2191 848 2235; x_wconf 82' lang='lat' dir='ltr'><strong>„cst“</strong></span> <span class='ocrx_word' id='word_1_217' title='bbox 876 2183 920 2225; x_wconf 81' lang='lat' dir='ltr'><strong>in</strong></span> <span class='ocrx_word' id='word_1_218' title='bbox 952 2185 1046 2226; x_wconf 84' lang='lat' dir='ltr'><strong>edd.</strong></span> <span class='ocrx_word' id='word_1_219' title='bbox 1077 2182 1265 2226; x_wconf 69' lang='lat' dir='ltr'><strong>lWerlini.</strong></span> 
     </span>
    </p>

    <p class='ocr_par' dir='ltr' id='par_1_5' title="bbox 351 2255 1229 2313">
     <span class='ocr_line' id='line_1_27' title="bbox 351 2255 1229 2313; baseline -0.003 -15"><span class='ocrx_word' id='word_1_220' title='bbox 351 2258 397 2313; x_wconf 82' lang='lat'><strong>²)</strong></span> <span class='ocrx_word' id='word_1_221' title='bbox 431 2257 586 2298; x_wconf 88' lang='lat' dir='ltr'><strong>Genes.</strong></span> <span class='ocrx_word' id='word_1_222' title='bbox 615 2256 775 2305; x_wconf 81' lang='lat' dir='ltr'><strong>XVIII,</strong></span> <span class='ocrx_word' id='word_1_223' title='bbox 805 2256 872 2298; x_wconf 80' lang='lat'><strong>21.</strong></span> <span class='ocrx_word' id='word_1_224' title='bbox 901 2255 999 2295; x_wconf 87' lang='lat' dir='ltr'><strong>coll.</strong></span> <span class='ocrx_word' id='word_1_225' title='bbox 1031 2271 1133 2296; x_wconf 88' lang='lat' dir='ltr'><strong>vers.</strong></span> <span class='ocrx_word' id='word_1_226' title='bbox 1163 2257 1229 2297; x_wconf 75' lang='lat'><strong>20.</strong></span> 
     </span>
    </p>

    <p class='ocr_par' dir='ltr' id='par_1_6' title="bbox 347 2324 1542 2454">
     <span class='ocr_line' id='line_1_28' title="bbox 350 2324 1467 2383; baseline -0.004 -14"><span class='ocrx_word' id='word_1_227' title='bbox 350 2328 398 2383; x_wconf 76' lang='grc'><strong>3)</strong></span> <span class='ocrx_word' id='word_1_228' title='bbox 431 2328 584 2369; x_wconf 89' lang='lat' dir='ltr'><strong>Genes.</strong></span> <span class='ocrx_word' id='word_1_229' title='bbox 614 2327 734 2376; x_wconf 83' lang='lat' dir='ltr'><strong>XIX,</strong></span> <span class='ocrx_word' id='word_1_230' title='bbox 764 2325 803 2366; x_wconf 81' lang='grc'><strong>4.</strong></span> <span class='ocrx_word' id='word_1_231' title='bbox 924 2324 970 2378; x_wconf 70' lang='lat'><strong>⁴)</strong></span> <span class='ocrx_word' id='word_1_232' title='bbox 1000 2326 1138 2368; x_wconf 76' lang='lat' dir='ltr'><strong>Exod.</strong></span> <span class='ocrx_word' id='word_1_233' title='bbox 1169 2326 1202 2376; x_wconf 86' lang='lat' dir='ltr'><strong>I,</strong></span> <span class='ocrx_word' id='word_1_234' title='bbox 1232 2325 1297 2370; x_wconf 82' lang='lat'><strong>14.</strong></span> <span class='ocrx_word' id='word_1_235' title='bbox 1331 2336 1371 2366; x_wconf 90' lang='lat' dir='ltr'><strong>ct</strong></span> <span class='ocrx_word' id='word_1_236' title='bbox 1399 2325 1467 2367; x_wconf 81' lang='grc'><strong>22.</strong></span> 
     </span>
     <span class='ocr_line' id='line_1_29' title="bbox 347 2394 1542 2454; baseline -0.005 -15"><span class='ocrx_word' id='word_1_237' title='bbox 347 2398 392 2454; x_wconf 79' lang='lat'><strong>⁵)</strong></span> <span class='ocrx_word' id='word_1_238' title='bbox 428 2397 542 2439; x_wconf 86' lang='lat' dir='ltr'><strong>Alias</strong></span> <span class='ocrx_word' id='word_1_239' title='bbox 570 2397 630 2453; x_wconf 85' lang='lat' dir='ltr'><strong>(v.</strong></span> <span class='ocrx_word' id='word_1_240' title='bbox 662 2413 696 2437; x_wconf 88' lang='lat' dir='ltr'><strong>c.</strong></span> <span class='ocrx_word' id='word_1_241' title='bbox 726 2395 770 2436; x_wconf 88' lang='lat' dir='ltr'><strong>in</strong></span> <span class='ocrx_word' id='word_1_242' title='bbox 802 2396 898 2436; x_wconf 82' lang='lat' dir='ltr'><strong>edd.</strong></span> <span class='ocrx_word' id='word_1_243' title='bbox 929 2396 1036 2450; x_wconf 79' lang='lat' dir='ltr'>M.):</span> <span class='ocrx_word' id='word_1_244' title='bbox 1067 2396 1304 2446; x_wconf 85' lang='lat' dir='ltr'><strong>„volebat.“</strong></span> <span class='ocrx_word' id='word_1_245' title='bbox 1332 2395 1460 2435; x_wconf 78' lang='lat' dir='ltr'><strong>Malc-</strong></span> <span class='ocrx_word' id='word_1_246' title='bbox 1491 2394 1542 2434; x_wconf 83' lang='lat' dir='ltr'><strong>R.</strong></span> 
     </span>
    </p>
   </div>
   <div class='ocr_carea' id='block_1_5' title="bbox 231 2462 1653 2579">
    <p class='ocr_par' dir='ltr' id='par_1_7' title="bbox 231 2462 1653 2579">
     <span class='ocr_line' id='line_1_30' title="bbox 348 2462 1653 2524; baseline -0.005 -16"><span class='ocrx_word' id='word_1_247' title='bbox 348 2469 391 2524; x_wconf 75' lang='lat'><strong>⁶)</strong></span> <span class='ocrx_word' id='word_1_248' title='bbox 424 2467 539 2508; x_wconf 81' lang='lat' dir='ltr'><strong>Editi</strong></span> <span class='ocrx_word' id='word_1_249' title='bbox 577 2467 636 2523; x_wconf 84' lang='lat' dir='ltr'><strong>(e.</strong></span> <span class='ocrx_word' id='word_1_250' title='bbox 687 2483 719 2507; x_wconf 91' lang='lat' dir='ltr'><strong>e.</strong></span> <span class='ocrx_word' id='word_1_251' title='bbox 759 2467 822 2508; x_wconf 83' lang='lat' dir='ltr'><strong>ed.</strong></span> <span class='ocrx_word' id='word_1_252' title='bbox 870 2466 931 2506; x_wconf 86' lang='lat' dir='ltr'><strong>M.</strong></span> <span class='ocrx_word' id='word_1_253' title='bbox 970 2467 1071 2520; x_wconf 83' lang='lat' dir='ltr'>II.):</span> <span class='ocrx_word' id='word_1_254' title='bbox 1114 2467 1206 2516; x_wconf 87' lang='lat' dir='ltr'><strong>„vcl</strong></span> <span class='ocrx_word' id='word_1_255' title='bbox 1247 2465 1281 2506; x_wconf 88' lang='lat' dir='ltr'><strong>si</strong></span> <span class='ocrx_word' id='word_1_256' title='bbox 1325 2464 1396 2520; x_wconf 87' lang='lat' dir='ltr'><strong>qui</strong></span> <span class='ocrx_word' id='word_1_257' title='bbox 1436 2480 1533 2503; x_wconf 89' lang='lat' dir='ltr'><strong>cum</strong></span> <span class='ocrx_word' id='word_1_258' title='bbox 1572 2462 1653 2503; x_wconf 76' lang='lat' dir='ltr'><strong>illis</strong></span> 
     </span>
     <span class='ocr_line' id='line_1_31' title="bbox 231 2520 1652 2579; baseline -0.007 -9"><span class='ocrx_word' id='word_1_259' title='bbox 231 2529 360 2570; x_wconf 83' lang='lat' dir='ltr'><strong>haec“</strong></span> <span class='ocrx_word' id='word_1_260' title='bbox 408 2536 483 2568; x_wconf 86' lang='lat' dir='ltr'><strong>etc.</strong></span> <span class='ocrx_word' id='word_1_261' title='bbox 520 2524 571 2566; x_wconf 84' lang='lat' dir='ltr'><strong>R.</strong></span> <span class='ocrx_word' id='word_1_262' title='bbox 609 2549 661 2555; x_wconf 92' lang='lat'><strong>—-</strong></span> <span class='ocrx_word' id='word_1_263' title='bbox 703 2524 783 2564; x_wconf 86' lang='lat' dir='ltr'><strong>Ed.</strong></span> <span class='ocrx_word' id='word_1_264' title='bbox 825 2523 886 2564; x_wconf 87' lang='lat' dir='ltr'><strong>M.</strong></span> <span class='ocrx_word' id='word_1_265' title='bbox 920 2524 949 2564; x_wconf 90' lang='lat' dir='ltr'><strong>I.</strong></span> <span class='ocrx_word' id='word_1_266' title='bbox 982 2535 1205 2579; x_wconf 78' lang='lat' dir='ltr'><strong>corrupte:</strong></span> <span class='ocrx_word' id='word_1_267' title='bbox 1246 2522 1338 2572; x_wconf 92' lang='lat' dir='ltr'><strong>„vel</strong></span> <span class='ocrx_word' id='word_1_268' title='bbox 1376 2520 1408 2562; x_wconf 86' lang='lat' dir='ltr'><strong>si</strong></span> <span class='ocrx_word' id='word_1_269' title='bbox 1449 2520 1540 2575; x_wconf 83' lang='lat' dir='ltr'><strong>quis</strong></span> <span class='ocrx_word' id='word_1_270' title='bbox 1582 2520 1652 2576; x_wconf 84' lang='lat' dir='ltr'><strong>qui</strong></span> 
     </span>
    </p>
   </div>
   <div class='ocr_carea' id='block_1_6' title="bbox 229 2582 1529 2848">
    <p class='ocr_par' dir='ltr' id='par_1_8' title="bbox 229 2582 1529 2848">
     <span class='ocr_line' id='line_1_32' title="bbox 229 2582 708 2626; baseline -0.013 0"><span class='ocrx_word' id='word_1_271' title='bbox 229 2602 325 2626; x_wconf 90' lang='lat' dir='ltr'><strong>cum</strong></span> <span class='ocrx_word' id='word_1_272' title='bbox 356 2583 438 2624; x_wconf 84' lang='lat' dir='ltr'><strong>illis</strong></span> <span class='ocrx_word' id='word_1_273' title='bbox 468 2582 598 2622; x_wconf 82' lang='lat' dir='ltr'><strong>hacc“</strong></span> <span class='ocrx_word' id='word_1_274' title='bbox 633 2592 708 2621; x_wconf 91' lang='lat' dir='ltr'><strong>etc.</strong></span> 
     </span>
     <span class='ocr_line' id='line_1_33' title="bbox 342 2648 1034 2709; baseline -0.004 -15"><span class='ocrx_word' id='word_1_275' title='bbox 342 2653 388 2709; x_wconf 89' lang='lat'><strong>⁷)</strong></span> <span class='ocrx_word' id='word_1_276' title='bbox 421 2652 534 2694; x_wconf 87' lang='lat' dir='ltr'><strong>Edd.</strong></span> <span class='ocrx_word' id='word_1_277' title='bbox 563 2649 759 2691; x_wconf 82' lang='lat' dir='ltr'><strong>Mcrlini:</strong></span> <span class='ocrx_word' id='word_1_278' title='bbox 792 2648 1034 2705; x_wconf 84' lang='lat' dir='ltr'><strong>suscipiunt.</strong></span> 
     </span>
     <span class='ocr_line' id='line_1_34' title="bbox 342 2721 771 2778; baseline -0.009 -14"><span class='ocrx_word' id='word_1_279' title='bbox 342 2724 390 2778; x_wconf 81' lang='lat'><strong>⁸)</strong></span> <span class='ocrx_word' id='word_1_280' title='bbox 421 2724 462 2763; x_wconf 86' lang='grc' dir='ltr'><strong>ΙΙ</strong></span> <span class='ocrx_word' id='word_1_281' title='bbox 495 2721 595 2763; x_wconf 88' lang='lat' dir='ltr'><strong>Cor.</strong></span> <span class='ocrx_word' id='word_1_282' title='bbox 626 2722 701 2770; x_wconf 84' lang='lat' dir='ltr'><strong>III,</strong></span> <span class='ocrx_word' id='word_1_283' title='bbox 733 2723 771 2764; x_wconf 90' lang='lat'><strong>3.</strong></span> 
     </span>
     <span class='ocr_line' id='line_1_35' title="bbox 342 2788 1529 2848; baseline -0.007 -13"><span class='ocrx_word' id='word_1_284' title='bbox 342 2795 388 2848; x_wconf 78' lang='lat'><strong>9)</strong></span> <span class='ocrx_word' id='word_1_285' title='bbox 421 2793 536 2835; x_wconf 77' lang='lat' dir='ltr'><strong>Alias</strong></span> <span class='ocrx_word' id='word_1_286' title='bbox 567 2791 625 2845; x_wconf 87' lang='lat' dir='ltr'><strong>(e.</strong></span> <span class='ocrx_word' id='word_1_287' title='bbox 659 2808 693 2833; x_wconf 93' lang='lat' dir='ltr'><strong>c.</strong></span> <span class='ocrx_word' id='word_1_288' title='bbox 726 2791 770 2831; x_wconf 90' lang='lat' dir='ltr'><strong>in</strong></span> <span class='ocrx_word' id='word_1_289' title='bbox 802 2792 896 2834; x_wconf 80' lang='lat' dir='ltr'><strong>edd.</strong></span> <span class='ocrx_word' id='word_1_290' title='bbox 928 2792 1036 2844; x_wconf 82' lang='lat' dir='ltr'><strong>M.):</strong></span> <span class='ocrx_word' id='word_1_291' title='bbox 1067 2789 1287 2840; x_wconf 78' lang='lat' dir='ltr'><strong>„mentis.“</strong></span> <span class='ocrx_word' id='word_1_292' title='bbox 1319 2789 1447 2829; x_wconf 82' lang='lat' dir='ltr'><strong>Male.</strong></span> <span class='ocrx_word' id='word_1_293' title='bbox 1479 2788 1529 2827; x_wconf 83' lang='lat' dir='ltr'><strong>R..</strong></span> 
     </span>
    </p>
   </div>
   <div class='ocr_carea' id='block_1_7' title="bbox 317 2857 1647 2922">
    <p class='ocr_par' dir='ltr' id='par_1_9' title="bbox 317 2857 1647 2922">
     <span class='ocr_line' id='line_1_36' title="bbox 317 2857 1647 2922; baseline -0.006 -16"><span class='ocrx_word' id='word_1_294' title='bbox 317 2864 387 2922; x_wconf 85' lang='lat'><strong>¹⁰)</strong></span> <span class='ocrx_word' id='word_1_295' title='bbox 417 2861 534 2905; x_wconf 85' lang='lat' dir='ltr'><strong>Editi</strong></span> <span class='ocrx_word' id='word_1_296' title='bbox 546 2869 605 2919; x_wconf 67' lang='lat' dir='ltr'><strong>(c.</strong></span> <span class='ocrx_word' id='word_1_297' title='bbox 630 2879 663 2903; x_wconf 90' lang='lat' dir='ltr'><strong>c.</strong></span> <span class='ocrx_word' id='word_1_298' title='bbox 696 2863 790 2903; x_wconf 77' lang='lat' dir='ltr'><strong>edd.</strong></span> <span class='ocrx_word' id='word_1_299' title='bbox 820 2861 905 2919; x_wconf 73' lang='lat' dir='ltr'><strong>M.)</strong></span> <span class='ocrx_word' id='word_1_300' title='bbox 929 2879 937 2903; x_wconf 73' lang='grc' dir='ltr'>ε</span> <span class='ocrx_word' id='word_1_301' title='bbox 960 2873 1212 2915; x_wconf 83' lang='lat' dir='ltr'><strong>„augmento</strong></span> <span class='ocrx_word' id='word_1_302' title='bbox 1230 2871 1347 2902; x_wconf 85' lang='lat' dir='ltr'><strong>tanto</strong></span> <span class='ocrx_word' id='word_1_303' title='bbox 1371 2857 1564 2915; x_wconf 82' lang='lat' dir='ltr'><strong>aperiri.“</strong></span> <span class='ocrx_word' id='word_1_304' title='bbox 1600 2859 1647 2898; x_wconf 82' lang='lat' dir='ltr'><strong>R.</strong></span> 
     </span>
    </p>
   </div>
  </div>
 </body>
</html>
