<?xml version="1.0" encoding="UTF-8"?>
<!DOCTYPE html PUBLIC "-//W3C//DTD XHTML 1.0 Transitional//EN"
    "http://www.w3.org/TR/xhtml1/DTD/xhtml1-transitional.dtd">
<html xmlns="http://www.w3.org/1999/xhtml" xml:lang="en" lang="en">
 <head>
  <title>
</title>
<meta http-equiv="Content-Type" content="text/html;charset=utf-8" />
  <meta name='ocr-system' content='tesseract 3.04.00' />
  <meta name='ocr-capabilities' content='ocr_page ocr_carea ocr_par ocr_line ocrx_word'/>
</head>
<body>
  <div class='ocr_page' id='page_1' title='image "./operaomniaquaegr06orig/operaomniaquaegr06orig_0071.png"; bbox 0 0 1788 3111; ppageno 0'>
   <div class='ocr_carea' id='block_1_1' title="bbox 520 151 1545 194">
    <p class='ocr_par' dir='ltr' id='par_1_1' title="bbox 520 151 1545 194">
     <span class='ocr_line' id='line_1_1' title="bbox 520 151 1545 194; baseline -0.003 -1"><span class='ocrx_word' id='word_1_1' title='bbox 520 153 966 194; x_wconf 74' lang='lat' dir='ltr'><strong>COMMENTARIORUM</strong></span> <span class='ocrx_word' id='word_1_2' title='bbox 995 152 1084 192; x_wconf 80' lang='lat' dir='ltr'><strong>Lm.</strong></span> <span class='ocrx_word' id='word_1_3' title='bbox 1117 151 1146 191; x_wconf 89' lang='lat'><strong>1.</strong></span> <span class='ocrx_word' id='word_1_4' title='bbox 1488 152 1545 194; x_wconf 84' lang='grc'><strong>59</strong></span> 
     </span>
    </p>
   </div>
   <div class='ocr_carea' id='block_1_2' title="bbox 129 263 1548 475">
    <p class='ocr_par' dir='ltr' id='par_1_2' title="bbox 129 263 1548 475">
     <span class='ocr_line' id='line_1_2' title="bbox 130 263 1547 321; baseline -0.001 -15"><span class='ocrx_word' id='word_1_5' title='bbox 130 266 310 308; x_wconf 84' lang='lat' dir='ltr'><strong>chorum</strong></span> <span class='ocrx_word' id='word_1_6' title='bbox 334 265 375 321; x_wconf 69' lang='lat'><strong>¹)</strong></span> <span class='ocrx_word' id='word_1_7' title='bbox 404 265 620 306; x_wconf 72' lang='lat' dir='ltr'>introduci</span> <span class='ocrx_word' id='word_1_8' title='bbox 645 266 697 306; x_wconf 87' lang='lat' dir='ltr'><strong>ad</strong></span> <span class='ocrx_word' id='word_1_9' title='bbox 719 281 762 305; x_wconf 90' lang='lat' dir='ltr'><strong>se</strong></span> <span class='ocrx_word' id='word_1_10' title='bbox 794 263 1013 312; x_wconf 79' lang='lat' dir='ltr'><strong>desideret,</strong></span> <span class='ocrx_word' id='word_1_11' title='bbox 1043 280 1169 319; x_wconf 89' lang='lat' dir='ltr'><strong>quem</strong></span> <span class='ocrx_word' id='word_1_12' title='bbox 1191 264 1350 320; x_wconf 81' lang='lat' dir='ltr'><strong>repelli.</strong></span> <span class='ocrx_word' id='word_1_13' title='bbox 1390 264 1547 305; x_wconf 86' lang='lat' dir='ltr'><strong>Nonne</strong></span> 
     </span>
     <span class='ocr_line' id='line_1_3' title="bbox 129 340 1548 398; baseline -0.001 -14"><span class='ocrx_word' id='word_1_14' title='bbox 129 343 163 384; x_wconf 89' lang='lat' dir='ltr'><strong>si</strong></span> <span class='ocrx_word' id='word_1_15' title='bbox 193 342 357 397; x_wconf 83' lang='lat' dir='ltr'><strong>spiritui</strong></span> <span class='ocrx_word' id='word_1_16' title='bbox 389 343 699 398; x_wconf 86' lang='lat' dir='ltr'><strong>obtemperans,</strong></span> <span class='ocrx_word' id='word_1_17' title='bbox 730 353 769 382; x_wconf 88' lang='lat' dir='ltr'><strong>et</strong></span> <span class='ocrx_word' id='word_1_18' title='bbox 798 340 964 382; x_wconf 89' lang='lat' dir='ltr'><strong>meliori</strong></span> <span class='ocrx_word' id='word_1_19' title='bbox 995 357 1068 381; x_wconf 85' lang='lat' dir='ltr'><strong>usa</strong></span> <span class='ocrx_word' id='word_1_20' title='bbox 1101 341 1356 390; x_wconf 83' lang='lat' dir='ltr'><strong>consiliario,</strong></span> <span class='ocrx_word' id='word_1_21' title='bbox 1385 341 1548 396; x_wconf 86' lang='lat' dir='ltr'><strong>pietatis</strong></span> 
     </span>
     <span class='ocr_line' id='line_1_4' title="bbox 131 409 1547 475; baseline -0.001 -15"><span class='ocrx_word' id='word_1_22' title='bbox 131 431 170 460; x_wconf 86' lang='lat' dir='ltr'><strong>et</strong></span> <span class='ocrx_word' id='word_1_23' title='bbox 204 419 433 475; x_wconf 85' lang='lat' dir='ltr'><strong>pudicitiae</strong></span> <span class='ocrx_word' id='word_1_24' title='bbox 465 421 517 460; x_wconf 87' lang='lat' dir='ltr'><strong>ad</strong></span> <span class='ocrx_word' id='word_1_25' title='bbox 546 409 935 472; x_wconf 73' lang='lat' dir='ltr'><strong>se‘revocaverit2)</strong></span> <span class='ocrx_word' id='word_1_26' title='bbox 967 417 1168 467; x_wconf 84' lang='lat' dir='ltr'><strong>chorum,</strong></span> <span class='ocrx_word' id='word_1_27' title='bbox 1196 418 1268 458; x_wconf 87' lang='lat' dir='ltr'><strong>ille</strong></span> <span class='ocrx_word' id='word_1_28' title='bbox 1298 418 1401 458; x_wconf 84' lang='lat' dir='ltr'><strong>alius</strong></span> <span class='ocrx_word' id='word_1_29' title='bbox 1430 435 1547 472; x_wconf 85' lang='lat' dir='ltr'><strong>spre-</strong></span> 
     </span>
    </p>
   </div>
   <div class='ocr_carea' id='block_1_3' title="bbox 131 493 1547 551">
    <p class='ocr_par' dir='ltr' id='par_1_3' title="bbox 131 493 1547 551">
     <span class='ocr_line' id='line_1_5' title="bbox 131 493 1547 551; baseline -0.002 -14"><span class='ocrx_word' id='word_1_30' title='bbox 131 495 253 551; x_wconf 77' lang='lat' dir='ltr'><strong>tu53)</strong></span> <span class='ocrx_word' id='word_1_31' title='bbox 288 496 615 551; x_wconf 76' lang='lat' dir='ltr'><strong>repudiatusque</strong></span> <span class='ocrx_word' id='word_1_32' title='bbox 653 493 869 536; x_wconf 74' lang='lat' dir='ltr'><strong>discedet?</strong></span> <span class='ocrx_word' id='word_1_33' title='bbox 928 494 973 535; x_wconf 86' lang='lat' dir='ltr'><strong>Si</strong></span> <span class='ocrx_word' id='word_1_34' title='bbox 1005 511 1104 535; x_wconf 85' lang='lat' dir='ltr'><strong>vero</strong></span> <span class='ocrx_word' id='word_1_35' title='bbox 1139 493 1275 535; x_wconf 74' lang='lat' dir='ltr'><strong>cru-nis</strong></span> <span class='ocrx_word' id='word_1_36' title='bbox 1302 511 1374 535; x_wconf 84' lang='lat' dir='ltr'><strong>usa</strong></span> <span class='ocrx_word' id='word_1_37' title='bbox 1409 494 1547 535; x_wconf 87' lang='lat' dir='ltr'><strong>consi-</strong></span> 
     </span>
    </p>
   </div>
   <div class='ocr_carea' id='block_1_4' title="bbox 129 647 1552 1476">
    <p class='ocr_par' dir='ltr' id='par_1_4' title="bbox 129 647 1552 1476">
     <span class='ocr_line' id='line_1_6' title="bbox 134 647 1546 704; baseline -0.001 -14"><span class='ocrx_word' id='word_1_38' title='bbox 134 652 271 692; x_wconf 88' lang='lat' dir='ltr'><strong>omnis</strong></span> <span class='ocrx_word' id='word_1_39' title='bbox 314 650 385 691; x_wconf 81' lang='lat' dir='ltr'><strong>illa</strong></span> <span class='ocrx_word' id='word_1_40' title='bbox 428 648 653 690; x_wconf 75' lang='lat' dir='ltr'>sanctitatis</span> <span class='ocrx_word' id='word_1_41' title='bbox 698 660 737 689; x_wconf 87' lang='lat' dir='ltr'><strong>et</strong></span> <span class='ocrx_word' id='word_1_42' title='bbox 784 648 948 704; x_wconf 80' lang='lat' dir='ltr'><strong>pietatis</strong></span> <span class='ocrx_word' id='word_1_43' title='bbox 992 665 1174 697; x_wconf 85' lang='lat' dir='ltr'><strong>corona,</strong></span> <span class='ocrx_word' id='word_1_44' title='bbox 1221 647 1288 687; x_wconf 87' lang='lat' dir='ltr'><strong>cui</strong></span> <span class='ocrx_word' id='word_1_45' title='bbox 1331 649 1546 689; x_wconf 86' lang='lat' dir='ltr'><strong>malorum</strong></span> 
     </span>
     <span class='ocr_line' id='line_1_7' title="bbox 133 724 1547 782; baseline 0 -16"><span class='ocrx_word' id='word_1_46' title='bbox 133 726 273 767; x_wconf 87' lang='lat' dir='ltr'><strong>&#39;anima</strong></span> <span class='ocrx_word' id='word_1_47' title='bbox 307 725 534 766; x_wconf 80' lang='lat' dir='ltr'><strong>concilium</strong></span> <span class='ocrx_word' id='word_1_48' title='bbox 577 725 853 781; x_wconf 76' lang='lat' dir='ltr'><strong>praetulit,⁵)</strong></span> <span class='ocrx_word' id='word_1_49' title='bbox 893 724 999 782; x_wconf 84' lang='lat' dir='ltr'><strong>justa</strong></span> <span class='ocrx_word' id='word_1_50' title='bbox 1033 742 1127 766; x_wconf 86' lang='lat' dir='ltr'><strong>cum</strong></span> <span class='ocrx_word' id='word_1_51' title='bbox 1159 725 1450 776; x_wconf 75' lang='lat' dir='ltr'><strong>indignatione</strong></span> <span class='ocrx_word' id='word_1_52' title='bbox 1480 742 1547 766; x_wconf 88' lang='lat' dir='ltr'><strong>re-</strong></span> 
     </span>
     <span class='ocr_line' id='line_1_8' title="bbox 133 802 1549 859; baseline -0.001 -16"><span class='ocrx_word' id='word_1_53' title='bbox 133 805 270 853; x_wconf 82' lang='lat' dir='ltr'><strong>cedet,</strong></span> <span class='ocrx_word' id='word_1_54' title='bbox 312 803 553 859; x_wconf 87' lang='lat' dir='ltr'><strong>relinquens</strong></span> <span class='ocrx_word' id='word_1_55' title='bbox 587 819 677 843; x_wconf 85' lang='lat' dir='ltr'><strong>eam</strong></span> <span class='ocrx_word' id='word_1_56' title='bbox 710 802 923 843; x_wconf 78' lang='lat' dir='ltr'><strong>desideriis</strong></span> <span class='ocrx_word' id='word_1_57' title='bbox 954 803 1095 843; x_wconf 83' lang='lat' dir='ltr'><strong>cordis</strong></span> <span class='ocrx_word' id='word_1_58' title='bbox 1125 802 1210 852; x_wconf 83' lang='lat' dir='ltr'><strong>sui,</strong></span> <span class='ocrx_word' id='word_1_59' title='bbox 1241 814 1285 843; x_wconf 92' lang='lat' dir='ltr'><strong>ut</strong></span> <span class='ocrx_word' id='word_1_60' title='bbox 1315 802 1549 854; x_wconf 79' lang='lat' dir='ltr'>ignominia</span> 
     </span>
     <span class='ocr_line' id='line_1_9' title="bbox 133 879 1550 935; baseline 0 -15"><span class='ocrx_word' id='word_1_61' title='bbox 133 891 172 921; x_wconf 89' lang='lat' dir='ltr'><strong>et</strong></span> <span class='ocrx_word' id='word_1_62' title='bbox 203 881 469 921; x_wconf 87' lang='lat' dir='ltr'><strong>contumeliis</strong></span> <span class='ocrx_word' id='word_1_63' title='bbox 501 880 656 921; x_wconf 81' lang='lat' dir='ltr'><strong>afficiat</strong></span> <span class='ocrx_word' id='word_1_64' title='bbox 686 897 842 934; x_wconf 85' lang='lat' dir='ltr'><strong>corpus</strong></span> <span class='ocrx_word' id='word_1_65' title='bbox 875 897 998 921; x_wconf 80' lang='lat' dir='ltr'><strong>suum</strong></span> <span class='ocrx_word' id='word_1_66' title='bbox 1040 879 1084 919; x_wconf 86' lang='lat' dir='ltr'><strong>in</strong></span> <span class='ocrx_word' id='word_1_67' title='bbox 1124 892 1255 921; x_wconf 82' lang='lat' dir='ltr'><strong>semet</strong></span> <span class='ocrx_word' id='word_1_68' title='bbox 1290 880 1402 935; x_wconf 89' lang='lat' dir='ltr'><strong>ipsa,</strong></span> <span class='ocrx_word' id='word_1_69' title='bbox 1441 896 1550 935; x_wconf 85' lang='lat' dir='ltr'><strong>quae</strong></span> 
     </span>
     <span class='ocr_line' id='line_1_10' title="bbox 132 955 1550 1012; baseline -0.001 -14"><span class='ocrx_word' id='word_1_70' title='bbox 132 958 409 998; x_wconf 84' lang='lat' dir='ltr'><strong>commutavit</strong></span> <span class='ocrx_word' id='word_1_71' title='bbox 439 957 652 998; x_wconf 79' lang='lat' dir='ltr'><strong>veritatem</strong></span> <span class='ocrx_word' id='word_1_72' title='bbox 672 957 716 1012; x_wconf 74' lang='lat'><strong>⁶)</strong></span> <span class='ocrx_word' id='word_1_73' title='bbox 754 957 837 998; x_wconf 81' lang='lat' dir='ltr'><strong>Dei</strong></span> <span class='ocrx_word' id='word_1_74' title='bbox 867 958 912 998; x_wconf 86' lang='lat' dir='ltr'><strong>in</strong></span> <span class='ocrx_word' id='word_1_75' title='bbox 942 957 1237 1005; x_wconf 82' lang='lat' dir='ltr'><strong>mendacium,</strong></span> <span class='ocrx_word' id='word_1_76' title='bbox 1277 969 1317 997; x_wconf 86' lang='lat' dir='ltr'><strong>et</strong></span> <span class='ocrx_word' id='word_1_77' title='bbox 1352 955 1550 997; x_wconf 85' lang='lat' dir='ltr'><strong>introdu-</strong></span> 
     </span>
     <span class='ocr_line' id='line_1_11' title="bbox 132 1033 1551 1090; baseline -0.001 -16"><span class='ocrx_word' id='word_1_78' title='bbox 132 1050 229 1075; x_wconf 89' lang='lat' dir='ltr'><strong>cens</strong></span> <span class='ocrx_word' id='word_1_79' title='bbox 269 1035 323 1075; x_wconf 84' lang='lat' dir='ltr'><strong>ad</strong></span> <span class='ocrx_word' id='word_1_80' title='bbox 361 1051 403 1076; x_wconf 84' lang='lat' dir='ltr'><strong>se</strong></span> <span class='ocrx_word' id='word_1_81' title='bbox 434 1034 658 1090; x_wconf 88' lang='lat' dir='ltr'><strong>impietatis</strong></span> <span class='ocrx_word' id='word_1_82' title='bbox 689 1046 728 1075; x_wconf 89' lang='lat' dir='ltr'><strong>et</strong></span> <span class='ocrx_word' id='word_1_83' title='bbox 768 1033 1025 1076; x_wconf 76' lang='lat' dir='ltr'><strong>infidelitatis</strong></span> <span class='ocrx_word' id='word_1_84' title='bbox 1063 1034 1328 1089; x_wconf 86' lang='lat' dir='ltr'><strong>principem,</strong></span> <span class='ocrx_word' id='word_1_85' title='bbox 1371 1033 1473 1074; x_wconf 89' lang='lat' dir='ltr'><strong>colit</strong></span> <span class='ocrx_word' id='word_1_86' title='bbox 1513 1045 1551 1073; x_wconf 87' lang='lat' dir='ltr'><strong>et</strong></span> 
     </span>
     <span class='ocr_line' id='line_1_12' title="bbox 129 1109 1552 1168; baseline -0.002 -15"><span class='ocrx_word' id='word_1_87' title='bbox 129 1111 254 1153; x_wconf 82' lang='lat' dir='ltr'><strong>servit</strong></span> <span class='ocrx_word' id='word_1_88' title='bbox 284 1123 500 1153; x_wconf 78' lang='lat' dir='ltr'><strong>creaturae</strong></span> <span class='ocrx_word' id='word_1_89' title='bbox 529 1111 754 1168; x_wconf 84' lang='lat' dir='ltr'><strong>potius‚⁷)</strong></span> <span class='ocrx_word' id='word_1_90' title='bbox 788 1129 914 1167; x_wconf 90' lang='lat' dir='ltr'><strong>quam</strong></span> <span class='ocrx_word' id='word_1_91' title='bbox 950 1110 1156 1160; x_wconf 75' lang='lat' dir='ltr'><strong>Creatori,</strong></span> <span class='ocrx_word' id='word_1_92' title='bbox 1187 1111 1259 1166; x_wconf 86' lang='lat' dir='ltr'><strong>qui</strong></span> <span class='ocrx_word' id='word_1_93' title='bbox 1289 1121 1345 1151; x_wconf 82' lang='lat' dir='ltr'><strong>est</strong></span> <span class='ocrx_word' id='word_1_94' title='bbox 1373 1109 1552 1150; x_wconf 88' lang='lat' dir='ltr'><strong>benedi-</strong></span> 
     </span>
     <span class='ocr_line' id='line_1_13' title="bbox 134 1187 1551 1243; baseline 0 -14"><span class='ocrx_word' id='word_1_95' title='bbox 134 1200 221 1230; x_wconf 87' lang='lat' dir='ltr'><strong>ctus</strong></span> <span class='ocrx_word' id='word_1_96' title='bbox 261 1188 305 1230; x_wconf 83' lang='lat' dir='ltr'><strong>in</strong></span> <span class='ocrx_word' id='word_1_97' title='bbox 344 1191 521 1230; x_wconf 83' lang='lat' dir='ltr'><strong>saecula.</strong></span> <span class='ocrx_word' id='word_1_98' title='bbox 593 1189 761 1243; x_wconf 87' lang='lat' dir='ltr'><strong>Quibus</strong></span> <span class='ocrx_word' id='word_1_99' title='bbox 798 1206 899 1230; x_wconf 86' lang='lat' dir='ltr'><strong>sane</strong></span> <span class='ocrx_word' id='word_1_100' title='bbox 939 1206 986 1229; x_wconf 81' lang='lat' dir='ltr'><strong>ex</strong></span> <span class='ocrx_word' id='word_1_101' title='bbox 1031 1187 1161 1229; x_wconf 84' lang='lat' dir='ltr'><strong>causis</strong></span> <span class='ocrx_word' id='word_1_102' title='bbox 1193 1188 1333 1229; x_wconf 82' lang='lat' dir='ltr'><strong>anima</strong></span> <span class='ocrx_word' id='word_1_103' title='bbox 1364 1188 1551 1229; x_wconf 85' lang='lat' dir='ltr'><strong>humana</strong></span> 
     </span>
     <span class='ocr_line' id='line_1_14' title="bbox 131 1265 1552 1323; baseline -0.001 -17"><span class='ocrx_word' id='word_1_104' title='bbox 131 1265 236 1308; x_wconf 84' lang='lat' dir='ltr'><strong>tanti</strong></span> <span class='ocrx_word' id='word_1_105' title='bbox 276 1265 400 1323; x_wconf 76' lang='lat' dir='ltr'><strong>hujus</strong></span> <span class='ocrx_word' id='word_1_106' title='bbox 418 1266 464 1322; x_wconf 73' lang='lat'><strong>⁸)</strong></span> <span class='ocrx_word' id='word_1_107' title='bbox 510 1266 760 1308; x_wconf 88' lang='lat' dir='ltr'><strong>discriminis</strong></span> <span class='ocrx_word' id='word_1_108' title='bbox 801 1278 888 1307; x_wconf 82' lang='lat' dir='ltr'><strong>tam</strong></span> <span class='ocrx_word' id='word_1_109' title='bbox 931 1266 1155 1322; x_wconf 82' lang='lat' dir='ltr'><strong>ancipitem</strong></span> <span class='ocrx_word' id='word_1_110' title='bbox 1196 1268 1344 1307; x_wconf 81' lang='lat' dir='ltr'><strong>subeat</strong></span> <span class='ocrx_word' id='word_1_111' title='bbox 1385 1276 1552 1314; x_wconf 87' lang='lat' dir='ltr'><strong>statum,</strong></span> 
     </span>
     <span class='ocr_line' id='line_1_15' title="bbox 131 1342 1552 1398; baseline -0.001 -15"><span class='ocrx_word' id='word_1_112' title='bbox 131 1360 220 1384; x_wconf 88' lang='lat' dir='ltr'><strong>non</strong></span> <span class='ocrx_word' id='word_1_113' title='bbox 253 1354 310 1383; x_wconf 85' lang='lat' dir='ltr'><strong>est</strong></span> <span class='ocrx_word' id='word_1_114' title='bbox 340 1345 569 1398; x_wconf 84' lang='lat' dir='ltr'><strong>praesentis</strong></span> <span class='ocrx_word' id='word_1_115' title='bbox 598 1344 685 1384; x_wconf 88' lang='lat' dir='ltr'><strong>loci</strong></span> <span class='ocrx_word' id='word_1_116' title='bbox 718 1344 933 1384; x_wconf 85' lang='lat' dir='ltr'><strong>discutere.</strong></span> <span class='ocrx_word' id='word_1_117' title='bbox 982 1342 1146 1383; x_wconf 86' lang='lat' dir='ltr'><strong>Eorum</strong></span> <span class='ocrx_word' id='word_1_118' title='bbox 1179 1359 1277 1393; x_wconf 82' lang='lat' dir='ltr'><strong>ergo</strong></span> <span class='ocrx_word' id='word_1_119' title='bbox 1313 1355 1371 1382; x_wconf 83' lang='lat' dir='ltr'><strong>est</strong></span> <span class='ocrx_word' id='word_1_120' title='bbox 1401 1353 1552 1382; x_wconf 86' lang='lat' dir='ltr'><strong>eontu-</strong></span> 
     </span>
     <span class='ocr_line' id='line_1_16' title="bbox 133 1419 1552 1476; baseline -0.001 -16"><span class='ocrx_word' id='word_1_121' title='bbox 133 1420 266 1461; x_wconf 89' lang='lat' dir='ltr'><strong>meliis</strong></span> <span class='ocrx_word' id='word_1_122' title='bbox 297 1420 466 1461; x_wconf 83' lang='lat' dir='ltr'><strong>afficere</strong></span> <span class='ocrx_word' id='word_1_123' title='bbox 496 1437 683 1476; x_wconf 85' lang='lat' dir='ltr'><strong>corpora</strong></span> <span class='ocrx_word' id='word_1_124' title='bbox 713 1437 805 1469; x_wconf 86' lang='lat' dir='ltr'><strong>sua,</strong></span> <span class='ocrx_word' id='word_1_125' title='bbox 847 1419 919 1474; x_wconf 80' lang='lat' dir='ltr'><strong>qui</strong></span> <span class='ocrx_word' id='word_1_126' title='bbox 950 1421 1188 1461; x_wconf 80' lang='lat' dir='ltr'><strong>deserviunt</strong></span> <span class='ocrx_word' id='word_1_127' title='bbox 1216 1419 1470 1460; x_wconf 83' lang='lat' dir='ltr'><strong>simulacris:</strong></span> <span class='ocrx_word' id='word_1_128' title='bbox 1513 1429 1552 1459; x_wconf 90' lang='lat' dir='ltr'><strong>et</strong></span> 
     </span>
    </p>
   </div>
   <div class='ocr_carea' id='block_1_5' title="bbox 134 1495 1550 1552">
    <p class='ocr_par' dir='ltr' id='par_1_5' title="bbox 134 1495 1550 1552">
     <span class='ocr_line' id='line_1_17' title="bbox 134 1495 1550 1552; baseline -0.001 -14"><span class='ocrx_word' id='word_1_129' title='bbox 134 1513 284 1539; x_wconf 87' lang='lat' dir='ltr'><strong>eorum</strong></span> <span class='ocrx_word' id='word_1_130' title='bbox 317 1496 434 1552; x_wconf 80' lang='lat' dir='ltr'><strong>est9)</strong></span> <span class='ocrx_word' id='word_1_131' title='bbox 470 1498 611 1538; x_wconf 89' lang='lat' dir='ltr'><strong>colere</strong></span> <span class='ocrx_word' id='word_1_132' title='bbox 642 1508 892 1546; x_wconf 87' lang='lat' dir='ltr'><strong>creaturam,</strong></span> <span class='ocrx_word' id='word_1_133' title='bbox 925 1497 996 1552; x_wconf 88' lang='lat' dir='ltr'><strong>qui</strong></span> <span class='ocrx_word' id='word_1_134' title='bbox 1026 1495 1413 1552; x_wconf 82' lang='lat' dir='ltr'><strong>dereliquerint¹⁰)</strong></span> <span class='ocrx_word' id='word_1_135' title='bbox 1447 1495 1550 1536; x_wconf 92' lang='lat' dir='ltr'><strong>Cre-</strong></span> 
     </span>
    </p>
   </div>
   <div class='ocr_carea' id='block_1_6' title="bbox 247 1684 1156 1812">
    <p class='ocr_par' dir='ltr' id='par_1_6' title="bbox 247 1684 1156 1812">
     <span class='ocr_line' id='line_1_18' title="bbox 249 1684 1156 1740; baseline 0.001 -15"><span class='ocrx_word' id='word_1_136' title='bbox 249 1684 294 1740; x_wconf 65' lang='lat'><strong>5)</strong></span> <span class='ocrx_word' id='word_1_137' title='bbox 327 1686 600 1727; x_wconf 84' lang='lat' dir='ltr'><strong>Desideratur</strong></span> <span class='ocrx_word' id='word_1_138' title='bbox 627 1686 864 1736; x_wconf 86' lang='lat' dir='ltr'><strong>„chorum“</strong></span> <span class='ocrx_word' id='word_1_139' title='bbox 894 1687 938 1728; x_wconf 91' lang='lat' dir='ltr'><strong>in</strong></span> <span class='ocrx_word' id='word_1_140' title='bbox 971 1687 1065 1728; x_wconf 90' lang='lat' dir='ltr'><strong>edd.</strong></span> <span class='ocrx_word' id='word_1_141' title='bbox 1094 1685 1156 1726; x_wconf 87' lang='lat' dir='ltr'><strong>M.</strong></span> 
     </span>
     <span class='ocr_line' id='line_1_19' title="bbox 247 1755 867 1812; baseline 0.005 -16"><span class='ocrx_word' id='word_1_142' title='bbox 247 1756 294 1812; x_wconf 81' lang='lat'><strong>²)</strong></span> <span class='ocrx_word' id='word_1_143' title='bbox 325 1756 403 1799; x_wconf 90' lang='lat' dir='ltr'><strong>Ed.</strong></span> <span class='ocrx_word' id='word_1_144' title='bbox 435 1755 592 1797; x_wconf 85' lang='lat' dir='ltr'><strong>Ruaei:</strong></span> <span class='ocrx_word' id='word_1_145' title='bbox 624 1758 867 1800; x_wconf 85' lang='lat' dir='ltr'><strong>evocaverit.</strong></span> 
     </span>
    </p>
   </div>
   <div class='ocr_carea' id='block_1_7' title="bbox 250 1826 1552 1883">
    <p class='ocr_par' dir='ltr' id='par_1_7' title="bbox 250 1826 1552 1883">
     <span class='ocr_line' id='line_1_20' title="bbox 250 1826 1552 1883; baseline 0.002 -17"><span class='ocrx_word' id='word_1_146' title='bbox 250 1827 297 1882; x_wconf 82' lang='lat'><strong>3)</strong></span> <span class='ocrx_word' id='word_1_147' title='bbox 327 1828 387 1867; x_wconf 86' lang='lat' dir='ltr'><strong>Ita</strong></span> <span class='ocrx_word' id='word_1_148' title='bbox 418 1827 517 1868; x_wconf 84' lang='lat' dir='ltr'><strong>Mss.</strong></span> <span class='ocrx_word' id='word_1_149' title='bbox 550 1838 588 1867; x_wconf 90' lang='lat' dir='ltr'><strong>et</strong></span> <span class='ocrx_word' id='word_1_150' title='bbox 620 1827 833 1869; x_wconf 83' lang='lat' dir='ltr'><strong>Rabanus.</strong></span> <span class='ocrx_word' id='word_1_151' title='bbox 892 1827 1009 1868; x_wconf 86' lang='lat' dir='ltr'><strong>Editi</strong></span> <span class='ocrx_word' id='word_1_152' title='bbox 1040 1844 1138 1867; x_wconf 90' lang='lat' dir='ltr'><strong>vero</strong></span> <span class='ocrx_word' id='word_1_153' title='bbox 1173 1827 1232 1883; x_wconf 79' lang='lat' dir='ltr'><strong>(e.</strong></span> <span class='ocrx_word' id='word_1_154' title='bbox 1263 1843 1297 1868; x_wconf 92' lang='lat' dir='ltr'><strong>c.</strong></span> <span class='ocrx_word' id='word_1_155' title='bbox 1331 1828 1426 1868; x_wconf 84' lang='lat' dir='ltr'><strong>edd.</strong></span> <span class='ocrx_word' id='word_1_156' title='bbox 1446 1826 1552 1882; x_wconf 34' lang='grc' dir='ltr'><strong>ΜΛ)</strong></span> 
     </span>
    </p>
   </div>
   <div class='ocr_carea' id='block_1_8' title="bbox 134 1883 1196 1939">
    <p class='ocr_par' dir='ltr' id='par_1_8' title="bbox 134 1883 1196 1939">
     <span class='ocr_line' id='line_1_21' title="bbox 134 1883 1196 1939; baseline -0.001 -14"><span class='ocrx_word' id='word_1_157' title='bbox 134 1884 232 1934; x_wconf 88' lang='lat' dir='ltr'><strong>„ille</strong></span> <span class='ocrx_word' id='word_1_158' title='bbox 263 1883 365 1925; x_wconf 82' lang='lat' dir='ltr'><strong>alius</strong></span> <span class='ocrx_word' id='word_1_159' title='bbox 395 1883 561 1939; x_wconf 86' lang='lat' dir='ltr'><strong>spiritus</strong></span> <span class='ocrx_word' id='word_1_160' title='bbox 592 1885 837 1939; x_wconf 85' lang='lat' dir='ltr'><strong>repudiatus</strong></span> <span class='ocrx_word' id='word_1_161' title='bbox 869 1883 1113 1925; x_wconf 80' lang='lat' dir='ltr'><strong>discedet?“</strong></span> <span class='ocrx_word' id='word_1_162' title='bbox 1148 1883 1196 1924; x_wconf 83' lang='lat' dir='ltr'><strong>R.</strong></span> 
     </span>
    </p>
   </div>
   <div class='ocr_carea' id='block_1_9' title="bbox 252 1951 961 2006">
    <p class='ocr_par' dir='ltr' id='par_1_9' title="bbox 252 1951 961 2006">
     <span class='ocr_line' id='line_1_22' title="bbox 252 1951 961 2006; baseline 0.001 -12"><span class='ocrx_word' id='word_1_163' title='bbox 252 1951 297 2006; x_wconf 77' lang='lat'><strong>4)</strong></span> <span class='ocrx_word' id='word_1_164' title='bbox 327 1954 439 1995; x_wconf 87' lang='lat' dir='ltr'><strong>Edd.</strong></span> <span class='ocrx_word' id='word_1_165' title='bbox 468 1953 663 1994; x_wconf 83' lang='lat' dir='ltr'><strong>Merlini:</strong></span> <span class='ocrx_word' id='word_1_166' title='bbox 700 1954 961 1996; x_wconf 85' lang='lat' dir='ltr'><strong>consiliariis.</strong></span> 
     </span>
    </p>
   </div>
   <div class='ocr_carea' id='block_1_10' title="bbox 134 2022 1553 2654">
    <p class='ocr_par' dir='ltr' id='par_1_10' title="bbox 134 2022 1553 2304">
     <span class='ocr_line' id='line_1_23' title="bbox 252 2022 1552 2079; baseline 0.002 -15"><span class='ocrx_word' id='word_1_167' title='bbox 252 2023 296 2078; x_wconf 70' lang='lat'><strong>⁵)</strong></span> <span class='ocrx_word' id='word_1_168' title='bbox 329 2023 397 2064; x_wconf 78' lang='lat' dir='ltr'><strong>Sic</strong></span> <span class='ocrx_word' id='word_1_169' title='bbox 429 2022 526 2065; x_wconf 65' lang='lat' dir='ltr'><strong>B&#39;Iss.</strong></span> <span class='ocrx_word' id='word_1_170' title='bbox 556 2023 703 2072; x_wconf 80' lang='lat' dir='ltr'><strong>nostri,</strong></span> <span class='ocrx_word' id='word_1_171' title='bbox 736 2035 775 2064; x_wconf 87' lang='lat' dir='ltr'><strong>et</strong></span> <span class='ocrx_word' id='word_1_172' title='bbox 805 2024 1017 2065; x_wconf 78' lang='lat' dir='ltr'><strong>Rabanus.</strong></span> <span class='ocrx_word' id='word_1_173' title='bbox 1066 2023 1182 2064; x_wconf 87' lang='lat' dir='ltr'><strong>Editi</strong></span> <span class='ocrx_word' id='word_1_174' title='bbox 1198 2040 1296 2064; x_wconf 84' lang='lat' dir='ltr'><strong>vero</strong></span> <span class='ocrx_word' id='word_1_175' title='bbox 1329 2023 1388 2079; x_wconf 79' lang='lat' dir='ltr'><strong>(e.</strong></span> <span class='ocrx_word' id='word_1_176' title='bbox 1410 2040 1442 2064; x_wconf 92' lang='lat' dir='ltr'><strong>c.</strong></span> <span class='ocrx_word' id='word_1_177' title='bbox 1459 2024 1552 2066; x_wconf 86' lang='lat' dir='ltr'><strong>edd.</strong></span> 
     </span>
     <span class='ocr_line' id='line_1_24' title="bbox 134 2076 1552 2136; baseline -0.001 -15"><span class='ocrx_word' id='word_1_178' title='bbox 134 2076 239 2135; x_wconf 73' lang='lat' dir='ltr'><strong>NL).</strong></span> <span class='ocrx_word' id='word_1_179' title='bbox 271 2080 562 2135; x_wconf 88' lang='lat' dir='ltr'><strong>‚,praeposuit,</strong></span> <span class='ocrx_word' id='word_1_180' title='bbox 590 2080 664 2120; x_wconf 85' lang='lat' dir='ltr'><strong>ista</strong></span> <span class='ocrx_word' id='word_1_181' title='bbox 698 2098 792 2120; x_wconf 87' lang='lat' dir='ltr'><strong>cum</strong></span> <span class='ocrx_word' id='word_1_182' title='bbox 824 2080 1117 2131; x_wconf 83' lang='lat' dir='ltr'><strong>indignatione</strong></span> <span class='ocrx_word' id='word_1_183' title='bbox 1143 2081 1336 2128; x_wconf 84' lang='lat' dir='ltr'><strong>recedet,</strong></span> <span class='ocrx_word' id='word_1_184' title='bbox 1369 2079 1552 2136; x_wconf 76' lang='lat' dir='ltr'><strong>et“&#39;(e‹l.</strong></span> 
     </span>
     <span class='ocr_line' id='line_1_25' title="bbox 135 2135 1553 2190; baseline 0 -13"><span class='ocrx_word' id='word_1_185' title='bbox 135 2137 196 2177; x_wconf 83' lang='lat' dir='ltr'><strong>M.</strong></span> <span class='ocrx_word' id='word_1_186' title='bbox 225 2136 256 2176; x_wconf 88' lang='grc' dir='ltr'><strong>Ι.</strong></span> <span class='ocrx_word' id='word_1_187' title='bbox 289 2135 358 2190; x_wconf 73' lang='lat' dir='ltr'><strong>uc)</strong></span> <span class='ocrx_word' id='word_1_188' title='bbox 388 2137 653 2184; x_wconf 87' lang='lat' dir='ltr'><strong>„membrum</strong></span> <span class='ocrx_word' id='word_1_189' title='bbox 689 2136 863 2186; x_wconf 74' lang='lat' dir='ltr'><strong>Christi,</strong></span> <span class='ocrx_word' id='word_1_190' title='bbox 905 2147 944 2176; x_wconf 86' lang='lat' dir='ltr'><strong>et</strong></span> <span class='ocrx_word' id='word_1_191' title='bbox 972 2138 1178 2190; x_wconf 86' lang='lat' dir='ltr'><strong>templum</strong></span> <span class='ocrx_word' id='word_1_192' title='bbox 1211 2135 1391 2190; x_wconf 87' lang='lat' dir='ltr'><strong>Spiritus</strong></span> <span class='ocrx_word' id='word_1_193' title='bbox 1420 2137 1553 2177; x_wconf 80' lang='lat' dir='ltr'><strong>sancti</strong></span> 
     </span>
     <span class='ocr_line' id='line_1_26' title="bbox 135 2191 1553 2247; baseline -0.002 -13"><span class='ocrx_word' id='word_1_194' title='bbox 135 2192 389 2247; x_wconf 86' lang='lat' dir='ltr'><strong>relinquens,</strong></span> <span class='ocrx_word' id='word_1_195' title='bbox 420 2207 511 2231; x_wconf 86' lang='lat' dir='ltr'><strong>eam</strong></span> <span class='ocrx_word' id='word_1_196' title='bbox 543 2191 587 2232; x_wconf 89' lang='lat' dir='ltr'><strong>in</strong></span> <span class='ocrx_word' id='word_1_197' title='bbox 620 2192 833 2233; x_wconf 84' lang='lat' dir='ltr'><strong>desideriis</strong></span> <span class='ocrx_word' id='word_1_198' title='bbox 864 2192 1003 2232; x_wconf 87' lang='lat' dir='ltr'><strong>cordis</strong></span> <span class='ocrx_word' id='word_1_199' title='bbox 1020 2192 1084 2232; x_wconf 83' lang='lat' dir='ltr'><strong>sui</strong></span> <span class='ocrx_word' id='word_1_200' title='bbox 1104 2193 1330 2246; x_wconf 87' lang='lat' dir='ltr'><strong>permittet,</strong></span> <span class='ocrx_word' id='word_1_201' title='bbox 1359 2197 1431 2231; x_wconf 86' lang='lat' dir='ltr'><strong>ut“</strong></span> <span class='ocrx_word' id='word_1_202' title='bbox 1463 2203 1553 2241; x_wconf 61' lang='lat' dir='ltr'><strong>etc„</strong></span> 
     </span>
     <span class='ocr_line' id='line_1_27' title="bbox 135 2247 1551 2304; baseline -0.002 -14"><span class='ocrx_word' id='word_1_203' title='bbox 135 2248 215 2290; x_wconf 87' lang='lat' dir='ltr'><strong>nisi</strong></span> <span class='ocrx_word' id='word_1_204' title='bbox 245 2249 364 2304; x_wconf 88' lang='lat' dir='ltr'><strong>quod</strong></span> <span class='ocrx_word' id='word_1_205' title='bbox 393 2247 586 2302; x_wconf 88' lang='lat' dir='ltr'><strong>plerique</strong></span> <span class='ocrx_word' id='word_1_206' title='bbox 618 2249 814 2289; x_wconf 89' lang='lat' dir='ltr'><strong>omittant</strong></span> <span class='ocrx_word' id='word_1_207' title='bbox 845 2259 900 2288; x_wconf 74' lang='lat' dir='ltr'><strong>et.</strong></span> <span class='ocrx_word' id='word_1_208' title='bbox 931 2248 980 2288; x_wconf 79' lang='lat' dir='ltr'><strong>R.</strong></span> <span class='ocrx_word' id='word_1_209' title='bbox 1014 2273 1065 2279; x_wconf 92' lang='lat'><strong>—</strong></span> <span class='ocrx_word' id='word_1_210' title='bbox 1100 2247 1187 2289; x_wconf 87' lang='lat' dir='ltr'><strong>Csr.</strong></span> <span class='ocrx_word' id='word_1_211' title='bbox 1207 2248 1331 2290; x_wconf 83' lang='lat' dir='ltr'><strong>Rom.</strong></span> <span class='ocrx_word' id='word_1_212' title='bbox 1351 2247 1551 2297; x_wconf 70' lang='lat' dir='ltr'><strong>I,24.25.</strong></span> 
     </span>
    </p>

    <p class='ocr_par' dir='ltr' id='par_1_11' title="bbox 135 2316 1553 2654">
     <span class='ocr_line' id='line_1_28' title="bbox 254 2316 1550 2373; baseline 0.002 -16"><span class='ocrx_word' id='word_1_213' title='bbox 254 2316 299 2369; x_wconf 76' lang='lat'><strong>⁶)</strong></span> <span class='ocrx_word' id='word_1_214' title='bbox 330 2317 391 2357; x_wconf 87' lang='lat' dir='ltr'><strong>Ita</strong></span> <span class='ocrx_word' id='word_1_215' title='bbox 432 2317 531 2358; x_wconf 88' lang='lat' dir='ltr'><strong>editi</strong></span> <span class='ocrx_word' id='word_1_216' title='bbox 569 2317 627 2370; x_wconf 80' lang='lat' dir='ltr'><strong>(e.</strong></span> <span class='ocrx_word' id='word_1_217' title='bbox 662 2334 695 2358; x_wconf 90' lang='lat' dir='ltr'><strong>c.</strong></span> <span class='ocrx_word' id='word_1_218' title='bbox 729 2319 823 2358; x_wconf 86' lang='lat' dir='ltr'><strong>edd.</strong></span> <span class='ocrx_word' id='word_1_219' title='bbox 854 2318 956 2371; x_wconf 75' lang='lat' dir='ltr'><strong>M),</strong></span> <span class='ocrx_word' id='word_1_220' title='bbox 996 2330 1035 2358; x_wconf 87' lang='lat' dir='ltr'><strong>et</strong></span> <span class='ocrx_word' id='word_1_221' title='bbox 1074 2317 1173 2359; x_wconf 82' lang='lat' dir='ltr'><strong>Mss.</strong></span> <span class='ocrx_word' id='word_1_222' title='bbox 1214 2319 1387 2373; x_wconf 84' lang='lat' dir='ltr'><strong>aliquot.</strong></span> <span class='ocrx_word' id='word_1_223' title='bbox 1446 2318 1550 2359; x_wconf 78' lang='lat' dir='ltr'><strong>Mse-</strong></span> 
     </span>
     <span class='ocr_line' id='line_1_29' title="bbox 135 2373 1553 2424; baseline -0.001 -8"><span class='ocrx_word' id='word_1_224' title='bbox 135 2390 236 2416; x_wconf 86' lang='lat' dir='ltr'><strong>vero</strong></span> <span class='ocrx_word' id='word_1_225' title='bbox 266 2373 367 2424; x_wconf 84' lang='lat' dir='ltr'><strong>Reg.</strong></span> <span class='ocrx_word' id='word_1_226' title='bbox 399 2390 514 2414; x_wconf 89' lang='lat' dir='ltr'><strong>num.</strong></span> <span class='ocrx_word' id='word_1_227' title='bbox 546 2373 690 2422; x_wconf 83' lang='lat'><strong>1639.,</strong></span> <span class='ocrx_word' id='word_1_228' title='bbox 717 2385 755 2414; x_wconf 87' lang='lat' dir='ltr'><strong>et</strong></span> <span class='ocrx_word' id='word_1_229' title='bbox 787 2373 1009 2416; x_wconf 83' lang='lat' dir='ltr'><strong>Rabanus:</strong></span> <span class='ocrx_word' id='word_1_230' title='bbox 1047 2376 1288 2423; x_wconf 82' lang='lat' dir='ltr'><strong>„veritatem</strong></span> <span class='ocrx_word' id='word_1_231' title='bbox 1320 2374 1402 2416; x_wconf 79' lang='lat' dir='ltr'><strong>Dei</strong></span> <span class='ocrx_word' id='word_1_232' title='bbox 1432 2391 1553 2414; x_wconf 86' lang='lat' dir='ltr'><strong>men-</strong></span> 
     </span>
     <span class='ocr_line' id='line_1_30' title="bbox 138 2429 1553 2486; baseline -0.001 -14"><span class='ocrx_word' id='word_1_233' title='bbox 138 2431 286 2478; x_wconf 85' lang='lat' dir='ltr'><strong>dacio,</strong></span> <span class='ocrx_word' id='word_1_234' title='bbox 326 2441 364 2469; x_wconf 90' lang='lat' dir='ltr'><strong>et</strong></span> <span class='ocrx_word' id='word_1_235' title='bbox 402 2429 676 2470; x_wconf 84' lang='lat' dir='ltr'><strong>introducens</strong></span> <span class='ocrx_word' id='word_1_236' title='bbox 709 2432 763 2471; x_wconf 85' lang='lat' dir='ltr'><strong>ad</strong></span> <span class='ocrx_word' id='word_1_237' title='bbox 793 2447 836 2471; x_wconf 88' lang='lat' dir='ltr'><strong>se</strong></span> <span class='ocrx_word' id='word_1_238' title='bbox 866 2431 1126 2486; x_wconf 79' lang='lat' dir='ltr'><strong>impietatem</strong></span> <span class='ocrx_word' id='word_1_239' title='bbox 1168 2442 1206 2470; x_wconf 91' lang='lat' dir='ltr'><strong>et</strong></span> <span class='ocrx_word' id='word_1_240' title='bbox 1247 2431 1553 2479; x_wconf 80' lang='lat' dir='ltr'><strong>infidelitatem,</strong></span> 
     </span>
     <span class='ocr_line' id='line_1_31' title="bbox 137 2483 1551 2542; baseline 0 -17"><span class='ocrx_word' id='word_1_241' title='bbox 137 2486 385 2542; x_wconf 86' lang='lat' dir='ltr'><strong>(Rabanus:</strong></span> <span class='ocrx_word' id='word_1_242' title='bbox 409 2483 762 2540; x_wconf 73' lang='lat' dir='ltr'><strong>infelicitatem)</strong></span> <span class='ocrx_word' id='word_1_243' title='bbox 787 2487 911 2527; x_wconf 86' lang='lat' dir='ltr'><strong>colit“</strong></span> <span class='ocrx_word' id='word_1_244' title='bbox 934 2498 1009 2528; x_wconf 87' lang='lat' dir='ltr'><strong>etc.</strong></span> <span class='ocrx_word' id='word_1_245' title='bbox 1054 2488 1171 2528; x_wconf 88' lang='lat' dir='ltr'><strong>Alter</strong></span> <span class='ocrx_word' id='word_1_246' title='bbox 1188 2487 1293 2527; x_wconf 79' lang='lat' dir='ltr'><strong>Msc.</strong></span> <span class='ocrx_word' id='word_1_247' title='bbox 1315 2486 1414 2537; x_wconf 84' lang='lat' dir='ltr'><strong>Reg.</strong></span> <span class='ocrx_word' id='word_1_248' title='bbox 1433 2503 1551 2526; x_wconf 89' lang='lat' dir='ltr'><strong>num.</strong></span> 
     </span>
     <span class='ocr_line' id='line_1_32' title="bbox 138 2542 1553 2592; baseline -0.002 -7"><span class='ocrx_word' id='word_1_249' title='bbox 138 2544 259 2587; x_wconf 80' lang='grc'><strong>1641.</strong></span> <span class='ocrx_word' id='word_1_250' title='bbox 292 2543 529 2591; x_wconf 85' lang='lat' dir='ltr'><strong>„veritatem</strong></span> <span class='ocrx_word' id='word_1_251' title='bbox 561 2542 644 2583; x_wconf 81' lang='lat' dir='ltr'><strong>Dei</strong></span> <span class='ocrx_word' id='word_1_252' title='bbox 683 2544 725 2584; x_wconf 90' lang='lat' dir='ltr'><strong>in</strong></span> <span class='ocrx_word' id='word_1_253' title='bbox 758 2543 1004 2592; x_wconf 83' lang='lat' dir='ltr'><strong>mendacio,</strong></span> <span class='ocrx_word' id='word_1_254' title='bbox 1045 2556 1082 2583; x_wconf 86' lang='lat' dir='ltr'><strong>et</strong></span> <span class='ocrx_word' id='word_1_255' title='bbox 1118 2544 1394 2584; x_wconf 82' lang='lat' dir='ltr'><strong>introducens</strong></span> <span class='ocrx_word' id='word_1_256' title='bbox 1426 2544 1481 2583; x_wconf 84' lang='lat' dir='ltr'><strong>ad</strong></span> <span class='ocrx_word' id='word_1_257' title='bbox 1508 2558 1553 2582; x_wconf 86' lang='lat' dir='ltr'><strong>se</strong></span> 
     </span>
     <span class='ocr_line' id='line_1_33' title="bbox 138 2597 1280 2654; baseline -0.001 -15"><span class='ocrx_word' id='word_1_258' title='bbox 138 2597 360 2654; x_wconf 84' lang='lat' dir='ltr'><strong>impietatis</strong></span> <span class='ocrx_word' id='word_1_259' title='bbox 393 2598 571 2639; x_wconf 80' lang='lat' dir='ltr'><strong>chorum</strong></span> <span class='ocrx_word' id='word_1_260' title='bbox 606 2610 643 2639; x_wconf 87' lang='lat' dir='ltr'><strong>et</strong></span> <span class='ocrx_word' id='word_1_261' title='bbox 671 2599 935 2648; x_wconf 84' lang='lat' dir='ltr'><strong>infelicitatis,</strong></span> <span class='ocrx_word' id='word_1_262' title='bbox 966 2600 1093 2640; x_wconf 82' lang='lat' dir='ltr'><strong>colit“</strong></span> <span class='ocrx_word' id='word_1_263' title='bbox 1125 2611 1200 2640; x_wconf 81' lang='lat' dir='ltr'><strong>etc.</strong></span> <span class='ocrx_word' id='word_1_264' title='bbox 1231 2599 1280 2638; x_wconf 87' lang='lat' dir='ltr'><strong>R.</strong></span> 
     </span>
    </p>
   </div>
   <div class='ocr_carea' id='block_1_11' title="bbox 229 2666 1156 2934">
    <p class='ocr_par' dir='ltr' id='par_1_12' title="bbox 252 2666 1030 2725">
     <span class='ocr_line' id='line_1_34' title="bbox 252 2666 1030 2725; baseline 0.004 -18"><span class='ocrx_word' id='word_1_265' title='bbox 252 2666 297 2722; x_wconf 78' lang='lat'><strong>⁷)</strong></span> <span class='ocrx_word' id='word_1_266' title='bbox 327 2667 406 2709; x_wconf 85' lang='lat' dir='ltr'><strong>Ed.</strong></span> <span class='ocrx_word' id='word_1_267' title='bbox 437 2668 592 2709; x_wconf 80' lang='lat' dir='ltr'><strong>Ruaei:</strong></span> <span class='ocrx_word' id='word_1_268' title='bbox 629 2669 770 2725; x_wconf 82' lang='lat' dir='ltr'><strong>potius</strong></span> <span class='ocrx_word' id='word_1_269' title='bbox 802 2680 1030 2710; x_wconf 86' lang='lat' dir='ltr'><strong>creaturae.</strong></span> 
     </span>
    </p>

    <p class='ocr_par' dir='ltr' id='par_1_13' title="bbox 229 2736 1156 2934">
     <span class='ocr_line' id='line_1_35' title="bbox 253 2736 1080 2793; baseline 0.004 -16"><span class='ocrx_word' id='word_1_270' title='bbox 253 2737 300 2792; x_wconf 80' lang='lat'><strong>⁸)</strong></span> <span class='ocrx_word' id='word_1_271' title='bbox 331 2738 461 2779; x_wconf 87' lang='lat' dir='ltr'><strong>Deest</strong></span> <span class='ocrx_word' id='word_1_272' title='bbox 491 2736 666 2793; x_wconf 78' lang='lat' dir='ltr'><strong>„hujus“</strong></span> <span class='ocrx_word' id='word_1_273' title='bbox 697 2738 739 2780; x_wconf 82' lang='lat' dir='ltr'><strong>in</strong></span> <span class='ocrx_word' id='word_1_274' title='bbox 772 2741 866 2780; x_wconf 87' lang='lat' dir='ltr'><strong>edd.</strong></span> <span class='ocrx_word' id='word_1_275' title='bbox 895 2738 1080 2780; x_wconf 81' lang='lat' dir='ltr'><strong>Merlini.</strong></span> 
     </span>
     <span class='ocr_line' id='line_1_36' title="bbox 254 2806 1156 2859; baseline 0.001 -11"><span class='ocrx_word' id='word_1_276' title='bbox 254 2806 300 2859; x_wconf 80' lang='lat'><strong>⁹)</strong></span> <span class='ocrx_word' id='word_1_277' title='bbox 328 2807 605 2849; x_wconf 82' lang='lat' dir='ltr'><strong>Desideratur</strong></span> <span class='ocrx_word' id='word_1_278' title='bbox 634 2815 742 2857; x_wconf 83' lang='lat' dir='ltr'><strong>„est“</strong></span> <span class='ocrx_word' id='word_1_279' title='bbox 771 2808 816 2850; x_wconf 85' lang='lat' dir='ltr'><strong>in</strong></span> <span class='ocrx_word' id='word_1_280' title='bbox 848 2810 941 2850; x_wconf 82' lang='lat' dir='ltr'><strong>edd.</strong></span> <span class='ocrx_word' id='word_1_281' title='bbox 969 2808 1156 2850; x_wconf 78' lang='lat' dir='ltr'><strong>Merlini.</strong></span> 
     </span>
     <span class='ocr_line' id='line_1_37' title="bbox 229 2874 891 2934; baseline 0.003 -17"><span class='ocrx_word' id='word_1_282' title='bbox 229 2874 300 2930; x_wconf 73' lang='lat'><strong>¹⁰)</strong></span> <span class='ocrx_word' id='word_1_283' title='bbox 330 2877 409 2919; x_wconf 89' lang='lat' dir='ltr'><strong>Ed.</strong></span> <span class='ocrx_word' id='word_1_284' title='bbox 439 2878 595 2920; x_wconf 82' lang='lat' dir='ltr'><strong>Ruaei:</strong></span> <span class='ocrx_word' id='word_1_285' title='bbox 634 2879 891 2934; x_wconf 87' lang='lat' dir='ltr'><strong>reliquerint.</strong></span> 
     </span>
    </p>
   </div>
  </div>
 </body>
</html>
