1788 3111
479 119 917 163 Commi-:unmossum
948 119 1038 160 Lm.
1070 117 1141 158 111.
1436 118 1518 161 169

106 238 221 277 lauto
244 234 285 288 ¹)
315 233 407 276 satis
440 245 677 287 ornatoque
705 246 924 279 sermone,
964 241 1004 270 et
1034 229 1287 281 argumentis
1316 229 1518 271 validissi-

108 312 184 353 mis
222 310 359 367 Ῥεῖ-2)
398 310 621 351 innumera
660 305 879 348 volumina
919 306 1175 357 digeruntur.
1234 306 1320 347 Sed
1356 306 1519 348 intuere

107 405 244 438 nunc,
284 387 507 443 quomodo
537 386 592 435 is,
631 383 704 440 qui
742 383 956 425 veritatem
995 381 1078 423 Dei
1119 382 1329 432 defendit,
1370 395 1409 424 et
1447 385 1520 440 qui

106 467 341 507 secundum
363 463 589 511 Christum,
618 461 692 517 qui
722 472 781 502 est
795 459 879 501 Dei
897 459 1044 500 veritas
1075 471 1113 499 et
1136 459 1220 500 Dei
1240 459 1456 514 sapientia,
1473 460 1519 517 3)

112 541 394 597 philosophus
433 551 511 588 est,
553 539 678 578 docet
715 537 935 586 homines,
980 553 1193 578 summum
1230 538 1397 577 bonum
1436 554 1522 580 esse

110 618 236 659 vitam
256 614 302 672 ⁴²)
339 628 569 657 aeternam:
615 615 727 655 hanc
764 626 903 655 autem
942 613 1087 668 esse5)
1129 626 1342 655 aeternam
1382 612 1523 663 vitam,

109 706 156 734 ut
197 703 453 745 cognoscant
493 690 688 732 homines
726 708 860 731 unum
901 691 1039 732 solum
1083 706 1229 732 verum
1269 691 1437 741 Deum,
1485 703 1524 732 et

109 771 267 812 Filium
308 768 394 826 ejus
433 769 581 810 Jesum
624 767 858 810 Christum:
912 779 951 808 et
994 768 1219 824 quomodo
1264 784 1361 808 cum
1405 767 1525 808 omni

109 846 265 887 fiducia
295 844 607 902 providentiam
638 845 722 885 Dei
761 856 936 894 asserat,
973 861 1083 900 quae
1122 843 1245 885 dicit:
1283 842 1523 900 „nonne5)

111 924 197 964 duo
227 939 412 978 passeres
443 939 529 963 asse
557 921 772 963 veneunt?
806 932 846 962 et
875 939 983 962 unus
1014 938 1060 962 ex
1090 921 1190 977 ipsis
1218 938 1310 962 non
1339 920 1451 962 cadit
1478 920 1525 961 in

107 1011 266 1041 terram
283 998 327 1055 7)
363 999 453 1040 sine
481 999 615 1041 Patris
653 1000 925 1040 voluntate:“
967 1010 1006 1040 et
1040 998 1138 1053 quia
1166 997 1256 1053 ipse
1293 997 1462 1046 „solem
1477 995 1525 1052 ⁸)

110 1092 234 1116 suum
274 1076 377 1117 oriri
415 1078 534 1133 jubet
567 1093 695 1133 super
730 1077 871 1117 bonos
902 1087 942 1116 et
979 1076 1136 1123 malos,
1177 1087 1215 1115 et
1253 1074 1363 1130 pluit
1398 1090 1527 1129 super

109 1150 240 1209 justos
279 1164 317 1193 et
357 1151 581 1210 injustos.“
655 1154 739 1195 Per
776 1153 880 1193 haec
926 1163 1066 1194 autem
1108 1152 1271 1203 singula
1312 1152 1414 1192 dum
1454 1151 1526 1191 illa

111 1228 241 1270 falsae
270 1229 467 1270 scientiae
497 1231 698 1281 dogmata
731 1232 1023 1279 confutantur,
1059 1228 1106 1269 in
1143 1228 1369 1269 hominum
1405 1243 1527 1268 men-

114 1306 237 1347 dacio
269 1307 459 1347 abundat
488 1305 633 1346 veritas
653 1305 747 1346 Dei.
799 1306 908 1347 Sunt
936 1306 1036 1346 item
1067 1305 1149 1355 alii,
1180 1304 1254 1360 qui
1284 1303 1426 1345 dicant
1445 1315 1526 1345 tres

116 1398 202 1424 esse
229 1382 387 1438 species
416 1382 544 1432 boni;
571 1398 702 1422 unam
733 1397 829 1433 erga
860 1382 1060 1431 animam,
1090 1382 1216 1422 aliam
1236 1380 1281 1436 ⁹)
1312 1397 1405 1433 erga
1430 1398 1527 1421 cor-

114 1475 245 1515 pora,
281 1461 446 1499 tertiam
478 1458 739 1500 extrinsecus.
799 1458 921 1513 Quae
950 1458 1111 1511 singula
1144 1456 1330 1512 cum10)
1362 1458 1528 1498 condu-

118 1535 298 1576 cibiliter
341 1535 598 1584 habeantur,
645 1551 692 1574 ex
731 1535 831 1590 ipsis
872 1551 1087 1575 summum
1127 1535 1295 1575 bonum
1337 1545 1530 1575 constare

114 1614 382 1653 confirmant.
426 1610 495 1652 Isti
527 1611 650 1652 etiam
671 1611 754 1651 Dei
781 1611 1092 1665 providentiam
1123 1622 1368 1660 resecantes,
1396 1627 1531 1665 usque

114 1689 169 1730 ad
197 1689 325 1729 lunae
354 1704 446 1728 eam
477 1688 654 1739 globum
681 1687 952 1743 supervenire
976 1689 1254 1737 contendunt,
1282 1686 1392 1728 infra
1415 1704 1533 1738 vero,

114 1765 200 1806 hoc
231 1776 312 1814 est,
341 1767 394 1805 ad
424 1764 641 1812 homines,
674 1779 767 1804 eam
797 1763 1061 1819 minime11)
1092 1765 1358 1805 descendere.
1417 1764 1530 1805 Sunt

58 1869 62 1884 ,ι
113 1842 214 1884 item
246 1842 337 1891 alii,
375 1841 448 1897 qui
476 1840 684 1882 invisibile
713 1852 753 1881 et
786 1841 1093 1897 incorporeum
1122 1841 1228 1882 nihil
1258 1841 1402 1882 dicant
1432 1857 1531 1891 esse,

113 1921 189 1963 sed
220 1919 386 1969 omnia,
416 1933 523 1974 quae
551 1930 667 1969 sunt,
698 1919 953 1974 corporibus
985 1918 1204 1970 assignant,
1231 1919 1346 1959 unde
1378 1928 1418 1958 et
1446 1917 1529 1957 Pa-

114 2009 223 2038 trem
261 1997 454 2038 omnium
483 1995 627 2035 Deum
668 2013 823 2051 corpus
861 2011 945 2036 esse
975 1994 1180 2036 dixerunt.
1237 1994 1398 2035 Verum
1430 1994 1530 2048 quia

116 2073 293 2124 urgebat
322 2088 392 2114 eos
420 2071 594 2114 rationis
621 2087 721 2113 suae
751 2071 1064 2126 consequentia,
1093 2088 1178 2126 qua
1208 2081 1371 2112 constat
1401 2085 1531 2111 omne

234 2231 279 2286 1)
309 2231 448 2273 Alias:
476 2233 628 2281 „lato.“
656 2230 706 2272 R.

231 2300 279 2356 2)
309 2301 390 2343 Ed.
420 2302 480 2342 M.
510 2301 572 2341 II:
602 2302 647 2343 in
676 2301 900 2342 innumera
932 2310 1006 2340 etc.

233 2371 280 2427 3)
311 2371 330 2410 Ι
363 2370 462 2412 Cor.
492 2371 525 2421 I,
554 2372 620 2414 24.

235 2439 281 2497 4)
310 2441 420 2483 Edd.
449 2440 643 2482 Merlini:
674 2451 887 2482 aeternam
916 2440 1056 2482 vitam.

237 2512 281 2567 5)
310 2511 385 2552 Εν.
417 2512 573 2553 Joann.
602 2511 743 2560 XVII,
772 2510 812 2553 3.
930 2510 976 2565 ὃ)
1007 2510 1157 2551 Matth.
1188 2508 1243 2559 X,
1271 2509 1338 2550 29.

237 2580 281 2636 7)
312 2582 422 2623 Edd.
452 2581 646 2623 Merlini:
674 2593 800 2623 terra,
933 2579 979 2636 8)
1009 2580 1158 2621 Matth.
1187 2580 1240 2629 V,
1269 2578 1335 2621 45.

235 2651 282 2704 ⁹)
310 2651 392 2692 Ed.
420 2650 480 2691 M.
509 2651 573 2691 II:
603 2652 789 2692 alteram.

214 2720 284 2774 ¹⁰)
314 2722 448 2763 Alias:
487 2738 619 2770 „cum
652 2719 936 2762 decibiliter.“
1002 2719 1117 2762 Editi
1147 2719 1204 2774 (v,
1238 2735 1270 2760 c.
1302 2718 1395 2761 edd.
1426 2717 1530 2773 M.):

121 2775 180 2827 „si
212 2777 573 2818 conducibiliter.“
603 2777 653 2817 R.

217 2845 287 2900 Η)
316 2845 426 2889 Edd.
456 2846 653 2889 Merlini:
684 2863 786 2888 non.
