1788 3111
234 109 318 155 190
571 105 795 152 Omenms
823 121 873 152 m
900 107 978 151 Ep.
1008 121 1070 153 An
1100 109 1325 155 Rommos

232 233 373 276 gentes
404 237 573 273 omnes,
609 222 714 279 quid
749 234 863 266 totus
893 224 1054 265 habere
1083 225 1269 275 mundus
1300 227 1536 270 credendus
1570 227 1659 272 est?

233 299 475 355 Quomodo
508 310 650 341 autem
681 310 721 341 et
749 299 907 351 agnitio
938 301 1103 357 peccati
1132 318 1210 357 per
1237 303 1374 354 legem
1402 303 1535 348 Musis
1563 305 1657 348 fieri

231 377 409 426 dicitur,
449 394 548 420 cum
584 377 857 419 inveniantur
896 378 1075 434 plurimi
1114 390 1155 420 et
1191 391 1288 421 ante
1317 385 1410 422 eam
1440 383 1656 435 agnovisse

230 466 456 511 peccatum
484 452 637 497 suum?
697 453 806 495 Cain
836 454 1043 511 denique,
1082 473 1180 497 cum
1210 470 1442 512 peccasset,
1485 458 1542 502 ita
1577 459 1654 502 ait:

229 529 453 588 ‚,majus¹)
494 543 553 575 est
581 541 804 588 peccatum
843 547 1012 583 meum,
1052 550 1181 590 quam
1223 545 1268 575 ut
1306 535 1588 578 remittatur.“
1606 537 1653 594 ²)

230 608 316 651 Sed
365 620 406 650 et
447 609 737 665 patriarchae,
789 625 888 650 cum
935 611 989 652 ad
1035 611 1201 667 Joseph
1251 613 1563 656 descendissent
1603 614 1650 656 in

228 688 483 743 Aegyptum,
499 698 538 728 et
552 686 747 729 simulata
771 687 823 728 ab
846 703 897 729 eo
924 688 1218 730 confutatione
1237 701 1501 741 urgerentur,
1518 690 1574 732 ita
1598 692 1654 732 ad

227 765 478 806 alterutrum
499 763 666 805 dicunt:
697 764 770 814 „in
791 764 840 820 3)
862 765 1044 820 peccatis
1065 782 1208 808 sumus
1236 783 1316 822 pro
1339 768 1468 808 fratre
1490 778 1655 818 nostro,

230 841 329 897 quia
361 840 625 898 despeximus
652 842 973 884 tribulationem
1006 841 1094 900 ejus
1125 843 1315 893 animae,
1361 861 1458 885 cum
1489 856 1659 896 rogaret

229 936 333 969 nos,
374 931 413 960 et
449 919 860 972 non-exaudivimus
900 936 1018 961 eum:
1058 933 1238 976 propter
1275 921 1360 962 hoc
1388 921 1501 963 venit
1528 938 1659 978 super

228 1013 308 1038 nos
337 996 556 1038 tribulatio
587 997 733 1040 haec.“
778 997 864 1039 Sed
890 1009 929 1038 et
948 998 1048 1048 Job‚
1082 1014 1209 1053 quem
1239 1009 1336 1039 ante
1365 999 1500 1051 legem
1529 999 1658 1042 fuisse

227 1084 413 1123 constat,
441 1073 500 1116 ita
533 1073 658 1116 dicit:
683 1076 830 1131 „quod
851 1072 896 1129 ⁴²)
928 1075 1018 1116 etsi
1046 1077 1219 1131 peccavi
1248 1075 1414 1126 invitus,
1442 1076 1477 1118 si
1508 1079 1656 1119 occul-

227 1151 311 1192 tavi
339 1162 565 1207 peccatum
593 1167 763 1202 meum,
802 1163 875 1193 aut
907 1153 1107 1193 confusus
1145 1169 1239 1193 sum
1273 1152 1546 1195 multitudine
1574 1171 1658 1211 po-

225 1229 331 1284 puli,
362 1228 594 1285 quominus
625 1227 924 1270 annuntiarem
949 1228 1150 1269 delictum
1171 1234 1356 1271 meum.“
1399 1228 1488 1284 Qui
1509 1246 1657 1273 omnes

227 1305 445 1346 evidenter
492 1306 704 1347 docentur
747 1304 963 1356 agnovisse
1005 1317 1230 1362 peccatum
1276 1323 1412 1348 suum.
1488 1306 1552 1347 Ex
1594 1308 1659 1351 his

226 1397 327 1434 ergo
361 1382 595 1435 colligitur,
634 1381 880 1439 Paulum⁵)
907 1384 1165 1439 Apostolum
1196 1400 1287 1425 non
1320 1385 1374 1425 de
1402 1385 1494 1436 lege
1522 1383 1656 1428 Mosis

223 1461 330 1501 haec
349 1458 395 1515 6)
426 1458 581 1510 dicere,
611 1459 711 1515 quia
726 1459 772 1515 ⁷)
804 1461 894 1511 „lex
926 1460 1002 1511 his,
1032 1460 1167 1517 quiin
1184 1461 1274 1513 lege
1287 1473 1397 1512 sunt,
1427 1461 1656 1518 loquitur‚“

224 1538 299 1579 sed
334 1538 388 1579 de
414 1536 601 1579 naturali
630 1538 743 1589 lege,
784 1553 895 1593 quae
923 1538 1081 1595 scripta
1113 1550 1173 1579 est
1200 1537 1245 1580 in
1279 1539 1482 1581 cordibus
1511 1539 1656 1581 homi—

223 1632 344 1656 num.
403 1615 522 1656 Haec
553 1629 653 1666 ergo
685 1615 776 1664 lex,
806 1631 1088 1672 quaecunque
1119 1615 1242 1666 dicit,
1272 1616 1358 1665 his,
1388 1616 1461 1672 qui
1489 1617 1534 1658 in
1565 1619 1656 1668 lege

224 1704 342 1742 sunt,
380 1692 491 1733 dicit.
551 1691 602 1732 In
638 1692 731 1744 lege
760 1704 900 1734 autem
931 1705 1028 1735 sunt
1057 1693 1125 1744 hi,
1164 1694 1238 1749 qui
1267 1694 1311 1735 id
1342 1695 1484 1736 aetatis
1512 1707 1654 1747 agunt,

224 1785 312 1825 quo
347 1767 649 1811 discretionem
678 1769 786 1811 boni
815 1771 1002 1826 malique
1031 1769 1116 1826 jam
1149 1770 1392 1827 capiant.⁸)
1436 1770 1538 1813 Sine
1561 1773 1651 1824 lege

221 1861 325 1887 vero
366 1845 429 1887 illi
473 1855 591 1896 sunt,
645 1846 799 1902 quibus
838 1849 1036 1889 nondum
1086 1846 1334 1905 hujusmodi
1385 1848 1650 1892 discretionis

222 1938 366 1965 sensus
397 1921 590 1973 advenit,
627 1925 864 1966 secundum
903 1927 1021 1981 quod
1053 1936 1093 1966 ct
1122 1925 1279 1967 Paulus
1310 1925 1432 1968 dicit:
1474 1942 1584 1980 „ego
1604 1927 1650 1982 9)

223 2011 367 2042 autem
403 2000 596 2042 vivebam
636 2001 727 2043 sine
765 2002 856 2055 lege
893 2002 1175 2059 aliquando.“
1245 2003 1496 2046 Secundum
1537 2005 1650 2047 hanc

225 2093 324 2130 ergo
379 2077 515 2130 legem
560 2080 798 2122 naturalem
853 2093 1164 2136 consequenter
1214 2082 1447 2138 Apostolus
1501 2083 1650 2126 dixisse

222 2154 524 2212 videbitur10)
556 2172 688 2200 omne
721 2174 768 2200 os
799 2158 1132 2210 obstruendum,
1161 2169 1201 2201 et
1232 2175 1407 2201 omnem
1436 2161 1649 2203 mundum

342 2310 387 2363 Ι)
420 2280 572 2354 (3161168.
601 2311 674 2361 IV,
705 2312 771 2355 13.

339 2378 386 2435 2)
418 2380 489 2422 Sic
518 2380 619 2423 Mss.
648 2383 738 2423 fere
768 2398 930 2425 omnes.
989 2381 1179 2437 Quidam
1221 2401 1319 2427 cum
1365 2382 1482 2426 editis
1516 2383 1574 2440 (e.
1608 2401 1642 2425 c.

224 2451 321 2478 cum
354 2437 449 2478 edd.
479 2437 586 2492 Ma)
615 2438 798 2487 „remitti
828 2438 997 2495 possit.“
1028 2439 1078 2481 R.

339 2505 386 2562 ³)
419 2505 571 2548 Genes.
601 2507 734 2558 XLII,
762 2511 829 2551 21.
949 2507 995 2563 ⁴²)
1026 2510 1126 2551 Joh.
1158 2509 1322 2561 XXXI,
1352 2510 1420 2555 33.
1449 2512 1517 2555 34.

340 2576 385 2633 5)
415 2576 524 2619 Edd.
554 2577 748 2619 Merlini:
780 2579 1037 2634 Apostolum
1067 2578 1261 2621 Paulum.

339 2647 387 2701 ⁶)
418 2647 547 2691 Deest
575 2647 733 2698 „haec“
762 2648 806 2690 in
837 2651 931 2691 edd.
961 2648 1147 2691 Mcrlini.
1242 2648 1286 2705 ⁷)
1318 2650 1444 2695 Rom.
1473 2651 1547 2704 Ill,
1577 2653 1642 2696 19.

340 2717 387 2774 ⁸)
417 2717 528 2760 Edd.
557 2717 754 2760 Merlini:
785 2721 968 2775 capiunt.
1087 2718 1133 2776 9)
1165 2719 1289 2762 Rom.
1321 2721 1414 2773 VII,
1444 2723 1483 2766 9.

315 2788 387 2843 ¹⁰)
420 2790 532 2832 Alias
563 2789 621 2847 (e.
653 2807 688 2832 c.
718 2789 763 2832 in
797 2791 891 2833 edd.
923 2789 1027 2846 M.):
1058 2791 1348 2843 „videbitur.“
1392 2793 1441 2835 R.
1472 2819 1524 2827 --
1556 2793 1642 2836 Cfr.

225 2846 352 2888 Rom.
380 2845 453 2898 Ill,
482 2846 548 2892 19.

1339 2922 1351 2947 ἦ
