1788 3111
491 135 933 177 COMMENTARIORUM
961 133 1054 175 Lm.
1084 132 1158 175 111.
1447 133 1533 176 203

110 251 189 294 niis
228 248 453 305 fultam,¹)
511 265 590 304 per
628 247 757 288 fidem
795 247 899 287 Jesu
940 245 1096 287 Christi
1134 261 1182 286 ex
1222 260 1360 301 aequo
1392 244 1531 286 omni-

112 330 191 370 bus
224 329 377 368 datam.
435 326 500 367 Ex
530 341 606 375 eo,
647 324 768 380 quod
809 340 956 365 omnes
994 325 1073 365 sub
1103 334 1278 379 peccato
1309 323 1410 364 facti
1438 325 1532 364 fue-

111 416 220 455 rant,
251 403 378 445 alieni
417 402 507 444 sinc
548 399 681 442 dubio
721 401 861 441 effecti
903 411 1001 442 sunt
1040 399 1166 442 etiam
1208 417 1231 441 a
1272 400 1406 453 gloria
1436 400 1534 452 Dei,

117 484 236 539 quod
270 498 362 523 eam
391 497 471 521 nec
501 494 651 534 capere
679 478 771 518 ullo
787 477 834 533 2)
865 478 998 518 modo
1018 489 1229 532 poterant,
1259 495 1338 519 nec
1367 479 1535 521 mererI.

116 559 356 614 Quomodo
389 557 501 598 enim
531 567 732 612 peccator
764 555 941 595 auderet
982 556 1084 596 dare
1121 555 1300 608 gloriam
1338 556 1451 605 Deo,
1482 557 1537 596 ad

117 653 244 692 quem
285 635 385 676 dicit
401 635 446 689 3)
475 634 705 689 propheta:
749 631 990 688 „peccatori
1004 632 1049 688 4)
1088 644 1231 673 autem
1263 632 1366 673 dixit
1394 633 1537 675 Deus:

117 728 248 768 quare
287 722 334 751 tu
375 725 543 751 enarras
586 707 763 766 justitias
802 708 978 751 mcas?“
1034 710 1092 751 Et
1127 709 1282 750 iterum
1323 709 1403 751 alia
1435 711 1537 752 scri-

116 801 242 844 ptura
275 787 398 828 dicit:
429 785 607 842 „non⁵)
639 797 700 827 est
737 786 924 842 speciosa
969 787 1060 827 laus
1090 786 1175 828 Dei
1205 787 1250 828 in
1282 805 1356 829 ore
1386 805 1538 844 pecca-

114 865 260 906 toris.“
335 863 500 905 Idcirco
542 861 699 919 justitia
740 862 825 903 Dei
862 879 941 918 per
984 863 1114 904 fidem
1154 864 1257 906 Jesu
1299 865 1455 907 Christi
1485 867 1541 908 ad

98 935 264 983 'omnes
293 939 563 998 perveniens,
604 939 676 996 qui
718 941 918 990 credunt,
957 940 1042 981 sive
1071 941 1227 983 Judaei
1256 941 1418 1000 sint,⁵)
1457 943 1542 986 sive

119 1017 286 1068 Graeci,
316 1029 518 1073 purgatos
557 1033 629 1058 eos
670 1033 694 1057 a
732 1016 949 1073 prioribus
989 1018 1217 1060 sceleribus
1255 1018 1466 1077 justificat,
1503 1033 1544 1063 et

115 1111 288 1151 capaces
317 1094 419 1135 facit
448 1092 607 1147 gloriae
637 1093 742 1134 Dei:
784 1105 824 1133 et
867 1095 951 1135 hoc
988 1110 1078 1135 non
1111 1111 1159 1135 ex
1188 1095 1348 1136 meritis
1380 1113 1543 1148 eorum,

115 1189 196 1214 nec
225 1189 305 1228 pro
339 1171 541 1227 operibus
580 1170 702 1220 facit,
742 1171 816 1212 sed
847 1169 971 1223 gratis
1002 1170 1180 1223 gloriam
1213 1173 1484 1216 credentibus
1499 1174 1546 1230 7)

119 1260 315 1304 praestat.
374 1247 547 1302 „Per⁸)
577 1247 901 1298 redemtionem,
931 1247 1081 1303 inquit,
1114 1265 1223 1304 quae
1255 1261 1316 1291 est
1344 1249 1390 1291 in
1421 1250 1544 1292 Chri-

119 1337 184 1366 sto
215 1326 356 1366 Jesu.“
413 1324 646 1366 Videamus
686 1324 905 1375 attentius,
945 1325 1050 1380 quid
1080 1325 1160 1366 sibi
1189 1325 1290 1365 velit
1319 1327 1545 1377 redemtio,

121 1418 230 1458 quae
263 1413 323 1442 est
350 1401 396 1441 in
429 1401 598 1443 Christo
640 1403 754 1443 Jesu.
812 1402 1041 1442 Redemtio
1082 1401 1237 1442 dicitur
1274 1401 1394 1459 id,⁹)
1428 1405 1546 1459 quod

122 1481 247 1520 datur
278 1478 471 1520 hostibus
509 1495 590 1534 pro
632 1479 719 1528 his,
763 1495 870 1534 quos
913 1478 958 1519 in
997 1478 1234 1534 captivitate
1267 1478 1471 1531 detinent,
1500 1493 1550 1522 ut

122 1573 194 1597 eos
242 1554 462 1596 restituant
512 1555 713 1610 pristinae
751 1555 948 1598 libertati.
1025 1555 1400 1611 Detinebaturffl)
1449 1575 1548 1611 ergo

123 1634 238 1689 apud
280 1635 420 1673 hostes
459 1632 636 1673 humani
674 1631 836 1685 generis
877 1632 1091 1688 captivitas
1128 1646 1304 1689 peccato
1345 1630 1550 1690 tanquam

122 1710 240 1751 bello
272 1720 487 1765 superata:
525 1708 640 1749 venit
669 1708 805 1749 Filius
834 1710 940 1761 Dei,
983 1709 1143 1766 qui¹¹)
1184 1711 1345 1760 „factus
1376 1722 1437 1752 est
1467 1729 1549 1753 no-

123 1789 216 1829 bis“
245 1804 337 1828 non
366 1787 509 1828 solum
538 1785 766 1841 „sapientia
798 1802 822 1827 a
852 1787 974 1837 Deo,
1014 1798 1055 1828 et
1083 1785 1263 1844 justitia,
1296 1799 1337 1829 et
1365 1788 1550 1830 sanctifi-

125 1864 276 1915 catio,“
306 1865 381 1906 sed
422 1875 492 1915 „et
520 1864 789 1905 redemtio:“
830 1875 871 1905 et
899 1875 1032 1905 semet
1060 1863 1202 1920 ipsum
1234 1865 1353 1906 dedit
1381 1868 1550 1908 redem-

124 1941 300 1992 tionem,
330 1941 376 1982 id
407 1952 480 1992 est,
509 1952 642 1982 semet
670 1941 811 1997 ipsum
841 1941 1034 1984 hostibus
1063 1941 1250 1995 tradidit,
1297 1960 1346 1985 ac
1374 1943 1551 1986 sitienti-

247 2114 291 2170 ¹)
320 2116 448 2156 Rom.
480 2115 556 2164 III,
586 2116 654 2159 21.
685 2115 752 2157 22.

246 2184 293 2240 ²)
326 2185 437 2224 Edd.
468 2183 666 2224 Merlini:
698 2185 789 2225 ullo
821 2201 985 2237 genere.

247 2254 293 2310 ³)
323 2255 436 2295 Edd.
465 2253 661 2295 Merlini:
690 2255 900 2310 propheta
933 2254 1045 2298 dicit.

248 2322 296 2379 ⁴)
325 2324 481 2365 Psalm.
511 2325 559 2373 L,
589 2324 655 2366 16.
686 2324 889 2380 (XLIX.)

248 2395 295 2450 ⁵)
325 2396 423 2450 Sap.
456 2393 585 2437 Sirac.
618 2394 714 2444 XV,
744 2394 782 2436 9.
815 2393 1140 2450 (Ecclesiastic.)

248 2464 295 2520 6)
326 2466 459 2506 Deest
489 2464 624 2515 „sint“
654 2463 698 2505 in
732 2466 827 2506 edd.
858 2465 921 2506 M.

155 2589 197 2630 ’b
251 2535 460 2632 7)1]{)ee5t
489 2533 531 2574 in
564 2545 686 2575 antea
716 2534 837 2577 editis
865 2537 925 2592 (e.
959 2554 993 2579 c.
1023 2536 1069 2578 in
1089 2538 1183 2580 edd.
1210 2540 1320 2596 Μ.)·,
1351 2542 1553 2592 „creden-

136 2601 167 2630 ti
201 2596 286 2632 us.“
359 2623 367 2632 .

251 2659 298 2715 3)
328 2661 455 2702 Rom.
486 2661 562 2710 III,
590 2659 657 2704 24.

254 2727 300 2783 ⁹)
330 2730 609 2772 Desideratur
638 2729 736 2780 ‚‚i‹l“
766 2731 808 2773 in
841 2734 936 2775 edd.
967 2735 1028 2776 M.

230 2798 302 2853 ¹⁰)
334 2800 400 2841 Al.
431 2800 741 2850 „Detinebatur
771 2804 885 2859 apud
915 2804 1082 2846 hostes“
1113 2816 1189 2847 etc.
1220 2805 1270 2846 R.

233 2865 303 2923 ¹¹)
333 2868 352 2909 Ι
385 2868 483 2911 Cor.
512 2871 545 2920 I,
574 2871 641 2914 30.
