<?xml version="1.0" encoding="UTF-8"?>
<!DOCTYPE html PUBLIC "-//W3C//DTD XHTML 1.0 Transitional//EN"
    "http://www.w3.org/TR/xhtml1/DTD/xhtml1-transitional.dtd">
<html xmlns="http://www.w3.org/1999/xhtml" xml:lang="en" lang="en">
 <head>
  <title>
</title>
<meta http-equiv="Content-Type" content="text/html;charset=utf-8" />
  <meta name='ocr-system' content='tesseract 3.04.00' />
  <meta name='ocr-capabilities' content='ocr_page ocr_carea ocr_par ocr_line ocrx_word'/>
</head>
<body>
  <div class='ocr_page' id='page_1' title='image "./operaomniaquaegr06orig/operaomniaquaegr06orig_0112.png"; bbox 0 0 1788 3111; ppageno 0'>
   <div class='ocr_carea' id='block_1_1' title="bbox 219 133 1310 188">
    <p class='ocr_par' dir='ltr' id='par_1_1' title="bbox 219 133 1310 188">
     <span class='ocr_line' id='line_1_1' title="bbox 219 133 1310 188; baseline -0.01 0"><span class='ocrx_word' id='word_1_1' title='bbox 219 144 305 188; x_wconf 84' lang='lat'><strong>100</strong></span> <span class='ocrx_word' id='word_1_2' title='bbox 556 139 781 181; x_wconf 72' lang='lat' dir='ltr'><strong>Omenms</strong></span> <span class='ocrx_word' id='word_1_3' title='bbox 808 147 858 180; x_wconf 75' lang='lat' dir='ltr'><strong>m</strong></span> <span class='ocrx_word' id='word_1_4' title='bbox 884 137 963 180; x_wconf 76' lang='lat' dir='ltr'><strong>Ep,</strong></span> <span class='ocrx_word' id='word_1_5' title='bbox 993 147 1052 178; x_wconf 77' lang='lat' dir='ltr'><strong>An</strong></span> <span class='ocrx_word' id='word_1_6' title='bbox 1084 133 1310 179; x_wconf 70' lang='lat' dir='ltr'><strong>RomAnos</strong></span> 
     </span>
    </p>
   </div>
   <div class='ocr_carea' id='block_1_2' title="bbox 218 248 1654 2234">
    <p class='ocr_par' dir='ltr' id='par_1_2' title="bbox 218 248 1654 2234">
     <span class='ocr_line' id='line_1_2' title="bbox 221 248 1647 310; baseline -0.005 -13"><span class='ocrx_word' id='word_1_7' title='bbox 221 271 383 304; x_wconf 84' lang='lat' dir='ltr'><strong>camur,</strong></span> <span class='ocrx_word' id='word_1_8' title='bbox 414 252 487 310; x_wconf 87' lang='lat' dir='ltr'><strong>qui</strong></span> <span class='ocrx_word' id='word_1_9' title='bbox 520 252 729 295; x_wconf 85' lang='lat' dir='ltr'><strong>credimus</strong></span> <span class='ocrx_word' id='word_1_10' title='bbox 758 250 804 293; x_wconf 88' lang='lat' dir='ltr'><strong>in</strong></span> <span class='ocrx_word' id='word_1_11' title='bbox 823 251 865 307; x_wconf 91' lang='lat'><strong>¹)</strong></span> <span class='ocrx_word' id='word_1_12' title='bbox 896 250 1087 301; x_wconf 88' lang='lat' dir='ltr'><strong>Christo,</strong></span> <span class='ocrx_word' id='word_1_13' title='bbox 1118 260 1166 291; x_wconf 91' lang='lat' dir='ltr'><strong>ut</strong></span> <span class='ocrx_word' id='word_1_14' title='bbox 1194 248 1393 299; x_wconf 83' lang='lat' dir='ltr'><strong>sciamus,</strong></span> <span class='ocrx_word' id='word_1_15' title='bbox 1422 250 1647 305; x_wconf 88' lang='lat' dir='ltr'><strong>quomodo</strong></span> 
     </span>
     <span class='ocr_line' id='line_1_3' title="bbox 222 326 1650 390; baseline -0.006 -16"><span class='ocrx_word' id='word_1_16' title='bbox 222 344 262 375; x_wconf 86' lang='lat' dir='ltr'><strong>et</strong></span> <span class='ocrx_word' id='word_1_17' title='bbox 289 332 363 373; x_wconf 81' lang='lat' dir='ltr'><strong>ille</strong></span> <span class='ocrx_word' id='word_1_18' title='bbox 391 330 479 390; x_wconf 84' lang='lat' dir='ltr'><strong>jam</strong></span> <span class='ocrx_word' id='word_1_19' title='bbox 509 329 717 388; x_wconf 82' lang='lat' dir='ltr'><strong>judicatus</strong></span> <span class='ocrx_word' id='word_1_20' title='bbox 747 329 821 380; x_wconf 88' lang='lat' dir='ltr'><strong>sit,</strong></span> <span class='ocrx_word' id='word_1_21' title='bbox 860 328 935 384; x_wconf 86' lang='lat' dir='ltr'><strong>qui</strong></span> <span class='ocrx_word' id='word_1_22' title='bbox 971 344 1063 369; x_wconf 86' lang='lat' dir='ltr'><strong>non</strong></span> <span class='ocrx_word' id='word_1_23' title='bbox 1096 327 1238 368; x_wconf 83' lang='lat' dir='ltr'><strong>credit.</strong></span> <span class='ocrx_word' id='word_1_24' title='bbox 1295 326 1412 366; x_wconf 89' lang='lat' dir='ltr'><strong>Num</strong></span> <span class='ocrx_word' id='word_1_25' title='bbox 1443 326 1650 381; x_wconf 80' lang='lat' dir='ltr'><strong>quidnam</strong></span> 
     </span>
     <span class='ocr_line' id='line_1_4' title="bbox 220 393 1650 467; baseline -0.006 -16"><span class='ocrx_word' id='word_1_26' title='bbox 220 421 443 467; x_wconf 89' lang='lat' dir='ltr'><strong>putamus,</strong></span> <span class='ocrx_word' id='word_1_27' title='bbox 484 408 557 464; x_wconf 87' lang='lat' dir='ltr'><strong>qui</strong></span> <span class='ocrx_word' id='word_1_28' title='bbox 589 407 814 449; x_wconf 83' lang='lat' dir='ltr'><strong>crediderit</strong></span> <span class='ocrx_word' id='word_1_29' title='bbox 844 407 888 447; x_wconf 91' lang='lat' dir='ltr'><strong>in</strong></span> <span class='ocrx_word' id='word_1_30' title='bbox 921 404 1114 454; x_wconf 86' lang='lat' dir='ltr'><strong>Christo,</strong></span> <span class='ocrx_word' id='word_1_31' title='bbox 1158 417 1196 445; x_wconf 88' lang='lat' dir='ltr'><strong>et</strong></span> <span class='ocrx_word' id='word_1_32' title='bbox 1225 414 1323 460; x_wconf 88' lang='lat' dir='ltr'><strong>post</strong></span> <span class='ocrx_word' id='word_1_33' title='bbox 1351 403 1436 443; x_wconf 87' lang='lat' dir='ltr'><strong>hoc</strong></span> <span class='ocrx_word' id='word_1_34' title='bbox 1468 393 1650 444; x_wconf 85' lang='lat' dir='ltr'><strong>homici-</strong></span> 
     </span>
     <span class='ocr_line' id='line_1_5' title="bbox 222 479 1648 530; baseline -0.006 -2"><span class='ocrx_word' id='word_1_35' title='bbox 222 486 342 528; x_wconf 90' lang='lat' dir='ltr'><strong>dium</strong></span> <span class='ocrx_word' id='word_1_36' title='bbox 371 486 437 526; x_wconf 90' lang='lat' dir='ltr'><strong>vel</strong></span> <span class='ocrx_word' id='word_1_37' title='bbox 469 484 725 526; x_wconf 84' lang='lat' dir='ltr'><strong>adulterium</strong></span> <span class='ocrx_word' id='word_1_38' title='bbox 758 481 1037 530; x_wconf 82' lang='lat' dir='ltr'><strong>commiserit,</strong></span> <span class='ocrx_word' id='word_1_39' title='bbox 1073 493 1144 522; x_wconf 89' lang='lat' dir='ltr'><strong>aut</strong></span> <span class='ocrx_word' id='word_1_40' title='bbox 1172 483 1326 522; x_wconf 83' lang='lat' dir='ltr'><strong>falsum</strong></span> <span class='ocrx_word' id='word_1_41' title='bbox 1357 479 1648 521; x_wconf 88' lang='lat' dir='ltr'><strong>testimonium</strong></span> 
     </span>
     <span class='ocr_line' id='line_1_6' title="bbox 222 559 1649 618; baseline -0.007 -13"><span class='ocrx_word' id='word_1_42' title='bbox 222 563 384 613; x_wconf 82' lang='lat' dir='ltr'><strong>dixerit,</strong></span> <span class='ocrx_word' id='word_1_43' title='bbox 419 573 492 604; x_wconf 86' lang='lat' dir='ltr'><strong>aut</strong></span> <span class='ocrx_word' id='word_1_44' title='bbox 522 561 683 617; x_wconf 84' lang='lat' dir='ltr'><strong>aliquid</strong></span> <span class='ocrx_word' id='word_1_45' title='bbox 715 560 965 618; x_wconf 87' lang='lat' dir='ltr'><strong>hujusmodi</strong></span> <span class='ocrx_word' id='word_1_46' title='bbox 989 559 1167 611; x_wconf 82' lang='lat' dir='ltr'><strong>gesserit,</strong></span> <span class='ocrx_word' id='word_1_47' title='bbox 1196 575 1305 615; x_wconf 85' lang='lat' dir='ltr'><strong>quae</strong></span> <span class='ocrx_word' id='word_1_48' title='bbox 1334 572 1649 611; x_wconf 87' lang='lat' dir='ltr'><strong>nonnunquam</strong></span> 
     </span>
     <span class='ocr_line' id='line_1_7' title="bbox 219 633 1650 692; baseline -0.006 -10"><span class='ocrx_word' id='word_1_49' title='bbox 219 640 411 682; x_wconf 83' lang='lat' dir='ltr'><strong>videmus</strong></span> <span class='ocrx_word' id='word_1_50' title='bbox 443 638 666 680; x_wconf 82' lang='lat' dir='ltr'><strong>admittere</strong></span> <span class='ocrx_word' id='word_1_51' title='bbox 696 638 821 679; x_wconf 80' lang='lat' dir='ltr'><strong>etiam</strong></span> <span class='ocrx_word' id='word_1_52' title='bbox 861 637 1032 686; x_wconf 86' lang='lat' dir='ltr'><strong>fideles,</strong></span> <span class='ocrx_word' id='word_1_53' title='bbox 1071 636 1171 692; x_wconf 85' lang='lat' dir='ltr'><strong>quia</strong></span> <span class='ocrx_word' id='word_1_54' title='bbox 1207 652 1289 691; x_wconf 89' lang='lat' dir='ltr'><strong>pro</strong></span> <span class='ocrx_word' id='word_1_55' title='bbox 1331 635 1394 677; x_wconf 85' lang='lat' dir='ltr'><strong>his</strong></span> <span class='ocrx_word' id='word_1_56' title='bbox 1431 633 1517 692; x_wconf 85' lang='lat' dir='ltr'><strong>jam</strong></span> <span class='ocrx_word' id='word_1_57' title='bbox 1558 650 1650 675; x_wconf 84' lang='lat' dir='ltr'><strong>non</strong></span> 
     </span>
     <span class='ocr_line' id='line_1_8' title="bbox 219 711 1649 774; baseline -0.006 -15"><span class='ocrx_word' id='word_1_58' title='bbox 219 716 504 774; x_wconf 82' lang='lat' dir='ltr'><strong>judicabitur,</strong></span> <span class='ocrx_word' id='word_1_59' title='bbox 551 714 625 770; x_wconf 86' lang='lat' dir='ltr'><strong>qui</strong></span> <span class='ocrx_word' id='word_1_60' title='bbox 665 713 845 754; x_wconf 87' lang='lat' dir='ltr'><strong>credidit</strong></span> <span class='ocrx_word' id='word_1_61' title='bbox 883 713 928 753; x_wconf 86' lang='lat' dir='ltr'><strong>in</strong></span> <span class='ocrx_word' id='word_1_62' title='bbox 967 712 1170 755; x_wconf 81' lang='lat' dir='ltr'><strong>Christo?</strong></span> <span class='ocrx_word' id='word_1_63' title='bbox 1240 712 1415 753; x_wconf 86' lang='lat' dir='ltr'><strong>Certum</strong></span> <span class='ocrx_word' id='word_1_64' title='bbox 1449 724 1507 753; x_wconf 90' lang='lat' dir='ltr'><strong>est</strong></span> <span class='ocrx_word' id='word_1_65' title='bbox 1543 711 1649 752; x_wconf 87' lang='lat' dir='ltr'><strong>haee</strong></span> 
     </span>
     <span class='ocr_line' id='line_1_9' title="bbox 223 789 1650 847; baseline -0.004 -12"><span class='ocrx_word' id='word_1_66' title='bbox 223 794 370 835; x_wconf 88' lang='lat' dir='ltr'><strong>omnia</strong></span> <span class='ocrx_word' id='word_1_67' title='bbox 400 792 544 834; x_wconf 87' lang='lat' dir='ltr'><strong>venire</strong></span> <span class='ocrx_word' id='word_1_68' title='bbox 576 792 629 833; x_wconf 84' lang='lat' dir='ltr'><strong>ad</strong></span> <span class='ocrx_word' id='word_1_69' title='bbox 668 789 898 847; x_wconf 76' lang='lat' dir='ltr'><strong>judicium3</strong></span> <span class='ocrx_word' id='word_1_70' title='bbox 939 801 979 830; x_wconf 90' lang='lat' dir='ltr'><strong>et</strong></span> <span class='ocrx_word' id='word_1_71' title='bbox 1016 789 1116 830; x_wconf 86' lang='lat' dir='ltr'><strong>ideo</strong></span> <span class='ocrx_word' id='word_1_72' title='bbox 1155 789 1213 831; x_wconf 89' lang='lat' dir='ltr'><strong>sic</strong></span> <span class='ocrx_word' id='word_1_73' title='bbox 1251 789 1550 840; x_wconf 80' lang='lat' dir='ltr'><strong>intelligendus</strong></span> <span class='ocrx_word' id='word_1_74' title='bbox 1592 800 1650 828; x_wconf 84' lang='lat' dir='ltr'><strong>est</strong></span> 
     </span>
     <span class='ocr_line' id='line_1_10' title="bbox 219 865 1649 923; baseline -0.003 -12"><span class='ocrx_word' id='word_1_75' title='bbox 219 869 404 912; x_wconf 86' lang='lat' dir='ltr'><strong>Domini</strong></span> <span class='ocrx_word' id='word_1_76' title='bbox 439 885 602 917; x_wconf 89' lang='lat' dir='ltr'><strong>sermo,</strong></span> <span class='ocrx_word' id='word_1_77' title='bbox 641 882 769 923; x_wconf 90' lang='lat' dir='ltr'><strong>quem</strong></span> <span class='ocrx_word' id='word_1_78' title='bbox 810 866 930 908; x_wconf 83' lang='lat' dir='ltr'><strong>dicit:</strong></span> <span class='ocrx_word' id='word_1_79' title='bbox 971 865 1143 921; x_wconf 78' lang='lat' dir='ltr'><strong>‚,qui²)</strong></span> <span class='ocrx_word' id='word_1_80' title='bbox 1185 867 1318 907; x_wconf 88' lang='lat' dir='ltr'><strong>credit</strong></span> <span class='ocrx_word' id='word_1_81' title='bbox 1355 867 1398 908; x_wconf 89' lang='lat' dir='ltr'><strong>in</strong></span> <span class='ocrx_word' id='word_1_82' title='bbox 1427 882 1517 916; x_wconf 88' lang='lat' dir='ltr'><strong>me,</strong></span> <span class='ocrx_word' id='word_1_83' title='bbox 1557 882 1649 907; x_wconf 90' lang='lat' dir='ltr'><strong>non</strong></span> 
     </span>
     <span class='ocr_line' id='line_1_11' title="bbox 218 942 1648 1006; baseline -0.004 -17"><span class='ocrx_word' id='word_1_84' title='bbox 218 946 536 1006; x_wconf 79' lang='lat' dir='ltr'><strong>judicabitur:“</strong></span> <span class='ocrx_word' id='word_1_85' title='bbox 569 944 668 1001; x_wconf 82' lang='lat' dir='ltr'><strong>quia</strong></span> <span class='ocrx_word' id='word_1_86' title='bbox 698 945 936 986; x_wconf 82' lang='lat' dir='ltr'><strong>secundum</strong></span> <span class='ocrx_word' id='word_1_87' title='bbox 966 942 1069 992; x_wconf 86' lang='lat' dir='ltr'><strong>hoc,</strong></span> <span class='ocrx_word' id='word_1_88' title='bbox 1102 945 1221 998; x_wconf 87' lang='lat' dir='ltr'><strong>quod</strong></span> <span class='ocrx_word' id='word_1_89' title='bbox 1252 943 1514 999; x_wconf 82' lang='lat' dir='ltr'><strong>credidit,3)</strong></span> <span class='ocrx_word' id='word_1_90' title='bbox 1557 960 1648 984; x_wconf 89' lang='lat' dir='ltr'><strong>non</strong></span> 
     </span>
     <span class='ocr_line' id='line_1_12' title="bbox 218 1019 1649 1082; baseline -0.003 -17"><span class='ocrx_word' id='word_1_91' title='bbox 218 1022 484 1082; x_wconf 82' lang='lat' dir='ltr'><strong>judicabitur</strong></span> <span class='ocrx_word' id='word_1_92' title='bbox 519 1022 637 1078; x_wconf 89' lang='lat' dir='ltr'><strong>quasi</strong></span> <span class='ocrx_word' id='word_1_93' title='bbox 676 1021 920 1062; x_wconf 88' lang='lat' dir='ltr'><strong>incredulus</strong></span> <span class='ocrx_word' id='word_1_94' title='bbox 952 1031 991 1060; x_wconf 93' lang='lat' dir='ltr'><strong>et</strong></span> <span class='ocrx_word' id='word_1_95' title='bbox 1029 1019 1231 1061; x_wconf 85' lang='lat' dir='ltr'><strong>infidelis:</strong></span> <span class='ocrx_word' id='word_1_96' title='bbox 1274 1022 1326 1061; x_wconf 89' lang='lat' dir='ltr'><strong>de</strong></span> <span class='ocrx_word' id='word_1_97' title='bbox 1358 1020 1518 1061; x_wconf 79' lang='lat' dir='ltr'><strong>actibus</strong></span> <span class='ocrx_word' id='word_1_98' title='bbox 1548 1035 1649 1061; x_wconf 87' lang='lat' dir='ltr'><strong>vero</strong></span> 
     </span>
     <span class='ocr_line' id='line_1_13' title="bbox 221 1096 1651 1156; baseline -0.003 -14"><span class='ocrx_word' id='word_1_99' title='bbox 221 1099 304 1143; x_wconf 84' lang='lat' dir='ltr'><strong>suis</strong></span> <span class='ocrx_word' id='word_1_100' title='bbox 333 1099 424 1141; x_wconf 87' lang='lat' dir='ltr'><strong>sine</strong></span> <span class='ocrx_word' id='word_1_101' title='bbox 456 1099 589 1141; x_wconf 88' lang='lat' dir='ltr'><strong>dubio</strong></span> <span class='ocrx_word' id='word_1_102' title='bbox 622 1097 894 1156; x_wconf 83' lang='lat' dir='ltr'><strong>judicabitur.</strong></span> <span class='ocrx_word' id='word_1_103' title='bbox 943 1097 1004 1138; x_wconf 85' lang='lat' dir='ltr'><strong>Ita</strong></span> <span class='ocrx_word' id='word_1_104' title='bbox 1028 1112 1126 1147; x_wconf 83' lang='lat' dir='ltr'><strong>ergo</strong></span> <span class='ocrx_word' id='word_1_105' title='bbox 1153 1108 1191 1137; x_wconf 90' lang='lat' dir='ltr'><strong>et</strong></span> <span class='ocrx_word' id='word_1_106' title='bbox 1219 1097 1291 1138; x_wconf 81' lang='lat' dir='ltr'><strong>ille</strong></span> <span class='ocrx_word' id='word_1_107' title='bbox 1322 1096 1410 1153; x_wconf 69' lang='lat' dir='ltr'><strong>jam</strong></span> <span class='ocrx_word' id='word_1_108' title='bbox 1440 1096 1651 1155; x_wconf 85' lang='lat' dir='ltr'><strong>judicatus</strong></span> 
     </span>
     <span class='ocr_line' id='line_1_14' title="bbox 223 1174 1652 1232; baseline -0.002 -15"><span class='ocrx_word' id='word_1_109' title='bbox 223 1188 295 1226; x_wconf 89' lang='lat' dir='ltr'><strong>est,</strong></span> <span class='ocrx_word' id='word_1_110' title='bbox 326 1176 400 1232; x_wconf 88' lang='lat' dir='ltr'><strong>qui</strong></span> <span class='ocrx_word' id='word_1_111' title='bbox 431 1192 523 1217; x_wconf 90' lang='lat' dir='ltr'><strong>non</strong></span> <span class='ocrx_word' id='word_1_112' title='bbox 556 1175 764 1230; x_wconf 73' lang='lat' dir='ltr'><strong>credit,‘¹)</strong></span> <span class='ocrx_word' id='word_1_113' title='bbox 795 1176 1031 1216; x_wconf 88' lang='lat' dir='ltr'><strong>secundum</strong></span> <span class='ocrx_word' id='word_1_114' title='bbox 1064 1174 1161 1222; x_wconf 87' lang='lat' dir='ltr'><strong>hoc,</strong></span> <span class='ocrx_word' id='word_1_115' title='bbox 1194 1177 1313 1229; x_wconf 86' lang='lat' dir='ltr'><strong>quod</strong></span> <span class='ocrx_word' id='word_1_116' title='bbox 1335 1192 1426 1215; x_wconf 92' lang='lat' dir='ltr'><strong>non</strong></span> <span class='ocrx_word' id='word_1_117' title='bbox 1455 1174 1652 1225; x_wconf 86' lang='lat' dir='ltr'><strong>credidit;</strong></span> 
     </span>
     <span class='ocr_line' id='line_1_15' title="bbox 223 1250 1653 1306; baseline -0.002 -12"><span class='ocrx_word' id='word_1_118' title='bbox 223 1265 263 1295; x_wconf 90' lang='lat' dir='ltr'><strong>et</strong></span> <span class='ocrx_word' id='word_1_119' title='bbox 291 1253 399 1295; x_wconf 86' lang='lat' dir='ltr'><strong>sicut</strong></span> <span class='ocrx_word' id='word_1_120' title='bbox 430 1252 632 1302; x_wconf 88' lang='lat' dir='ltr'><strong>credenti,</strong></span> <span class='ocrx_word' id='word_1_121' title='bbox 662 1251 695 1293; x_wconf 87' lang='lat' dir='ltr'><strong>si</strong></span> <span class='ocrx_word' id='word_1_122' title='bbox 727 1250 979 1291; x_wconf 80' lang='lat' dir='ltr'><strong>extrinsecus</strong></span> <span class='ocrx_word' id='word_1_123' title='bbox 1007 1250 1173 1306; x_wconf 83' lang='lat' dir='ltr'><strong>peccati</strong></span> <span class='ocrx_word' id='word_1_124' title='bbox 1196 1251 1356 1306; x_wconf 85' lang='lat' dir='ltr'><strong>aliquid</strong></span> <span class='ocrx_word' id='word_1_125' title='bbox 1380 1250 1653 1298; x_wconf 86' lang='lat' dir='ltr'><strong>commiserit,</strong></span> 
     </span>
     <span class='ocr_line' id='line_1_16' title="bbox 220 1326 1653 1386; baseline -0.002 -16"><span class='ocrx_word' id='word_1_126' title='bbox 220 1330 334 1370; x_wconf 85' lang='lat' dir='ltr'><strong>salva</strong></span> <span class='ocrx_word' id='word_1_127' title='bbox 365 1330 470 1378; x_wconf 82' lang='lat' dir='ltr'><strong>fide,</strong></span> <span class='ocrx_word' id='word_1_128' title='bbox 508 1328 717 1386; x_wconf 85' lang='lat' dir='ltr'><strong>judicium</strong></span> <span class='ocrx_word' id='word_1_129' title='bbox 749 1338 911 1368; x_wconf 80' lang='lat' dir='ltr'><strong>manet:</strong></span> <span class='ocrx_word' id='word_1_130' title='bbox 953 1327 1010 1367; x_wconf 86' lang='lat' dir='ltr'><strong>ita</strong></span> <span class='ocrx_word' id='word_1_131' title='bbox 1043 1339 1082 1367; x_wconf 91' lang='lat' dir='ltr'><strong>et</strong></span> <span class='ocrx_word' id='word_1_132' title='bbox 1109 1343 1200 1368; x_wconf 82' lang='lat' dir='ltr'><strong>non</strong></span> <span class='ocrx_word' id='word_1_133' title='bbox 1232 1327 1444 1377; x_wconf 87' lang='lat' dir='ltr'><strong>credenti,</strong></span> <span class='ocrx_word' id='word_1_134' title='bbox 1485 1327 1519 1368; x_wconf 85' lang='lat' dir='ltr'><strong>si</strong></span> <span class='ocrx_word' id='word_1_135' title='bbox 1548 1326 1653 1383; x_wconf 89' lang='lat' dir='ltr'><strong>quid</strong></span> 
     </span>
     <span class='ocr_line' id='line_1_17' title="bbox 219 1404 1651 1462; baseline -0.002 -14"><span class='ocrx_word' id='word_1_136' title='bbox 219 1406 328 1448; x_wconf 87' lang='lat' dir='ltr'><strong>boni</strong></span> <span class='ocrx_word' id='word_1_137' title='bbox 361 1405 502 1462; x_wconf 86' lang='lat' dir='ltr'><strong>operis</strong></span> <span class='ocrx_word' id='word_1_138' title='bbox 534 1405 713 1457; x_wconf 83' lang='lat' dir='ltr'><strong>gesserit,</strong></span> <span class='ocrx_word' id='word_1_139' title='bbox 748 1415 922 1460; x_wconf 85' lang='lat' dir='ltr'><strong>excepta</strong></span> <span class='ocrx_word' id='word_1_140' title='bbox 950 1404 1211 1461; x_wconf 71' lang='lat' dir='ltr'><strong>infidelitate,</strong></span> <span class='ocrx_word' id='word_1_141' title='bbox 1242 1405 1529 1446; x_wconf 80' lang='lat' dir='ltr'><strong>remuneratio</strong></span> <span class='ocrx_word' id='word_1_142' title='bbox 1561 1421 1651 1445; x_wconf 87' lang='lat' dir='ltr'><strong>non</strong></span> 
     </span>
     <span class='ocr_line' id='line_1_18' title="bbox 219 1481 1654 1540; baseline -0.001 -15"><span class='ocrx_word' id='word_1_143' title='bbox 219 1483 389 1540; x_wconf 84' lang='lat' dir='ltr'><strong>peribit.</strong></span> <span class='ocrx_word' id='word_1_144' title='bbox 448 1482 539 1523; x_wconf 85' lang='lat' dir='ltr'><strong>Nisi</strong></span> <span class='ocrx_word' id='word_1_145' title='bbox 568 1485 681 1524; x_wconf 83' lang='lat' dir='ltr'><strong>forte</strong></span> <span class='ocrx_word' id='word_1_146' title='bbox 713 1481 804 1538; x_wconf 89' lang='lat' dir='ltr'><strong>quis</strong></span> <span class='ocrx_word' id='word_1_147' title='bbox 836 1481 999 1538; x_wconf 88' lang='lat' dir='ltr'><strong>aliquid</strong></span> <span class='ocrx_word' id='word_1_148' title='bbox 1031 1496 1156 1533; x_wconf 82' lang='lat' dir='ltr'><strong>grave</strong></span> <span class='ocrx_word' id='word_1_149' title='bbox 1186 1493 1226 1523; x_wconf 88' lang='lat' dir='ltr'><strong>et</strong></span> <span class='ocrx_word' id='word_1_150' title='bbox 1255 1482 1526 1525; x_wconf 83' lang='lat' dir='ltr'><strong>intolerabile</strong></span> <span class='ocrx_word' id='word_1_151' title='bbox 1553 1481 1654 1524; x_wconf 85' lang='lat' dir='ltr'><strong>velit</strong></span> 
     </span>
     <span class='ocr_line' id='line_1_19' title="bbox 223 1558 1652 1616; baseline -0.001 -14"><span class='ocrx_word' id='word_1_152' title='bbox 223 1559 436 1616; x_wconf 83' lang='lat' dir='ltr'><strong>objicere,</strong></span> <span class='ocrx_word' id='word_1_153' title='bbox 477 1571 523 1601; x_wconf 91' lang='lat' dir='ltr'><strong>ut</strong></span> <span class='ocrx_word' id='word_1_154' title='bbox 564 1560 678 1602; x_wconf 87' lang='lat' dir='ltr'><strong>dicat</strong></span> <span class='ocrx_word' id='word_1_155' title='bbox 709 1577 831 1608; x_wconf 90' lang='lat' dir='ltr'><strong>eum,</strong></span> <span class='ocrx_word' id='word_1_156' title='bbox 871 1558 943 1614; x_wconf 85' lang='lat' dir='ltr'><strong>qui</strong></span> <span class='ocrx_word' id='word_1_157' title='bbox 974 1570 1147 1614; x_wconf 79' lang='lat' dir='ltr'><strong>peccat,</strong></span> <span class='ocrx_word' id='word_1_158' title='bbox 1190 1562 1530 1615; x_wconf 85' lang='lat' dir='ltr'><strong>computandum</strong></span> <span class='ocrx_word' id='word_1_159' title='bbox 1561 1576 1652 1601; x_wconf 86' lang='lat' dir='ltr'><strong>non</strong></span> 
     </span>
     <span class='ocr_line' id='line_1_20' title="bbox 223 1633 1652 1691; baseline -0.003 -12"><span class='ocrx_word' id='word_1_160' title='bbox 223 1653 310 1679; x_wconf 87' lang='lat' dir='ltr'><strong>esse</strong></span> <span class='ocrx_word' id='word_1_161' title='bbox 339 1637 452 1678; x_wconf 85' lang='lat' dir='ltr'><strong>inter</strong></span> <span class='ocrx_word' id='word_1_162' title='bbox 482 1639 721 1678; x_wconf 87' lang='lat' dir='ltr'><strong>credentes:</strong></span> <span class='ocrx_word' id='word_1_163' title='bbox 764 1635 862 1691; x_wconf 85' lang='lat' dir='ltr'><strong>quia</strong></span> <span class='ocrx_word' id='word_1_164' title='bbox 900 1636 934 1676; x_wconf 88' lang='lat' dir='ltr'><strong>si</strong></span> <span class='ocrx_word' id='word_1_165' title='bbox 970 1637 1115 1676; x_wconf 83' lang='lat' dir='ltr'><strong>credat</strong></span> <span class='ocrx_word' id='word_1_166' title='bbox 1137 1636 1261 1690; x_wconf 85' lang='lat' dir='ltr'><strong>quis,</strong></span> <span class='ocrx_word' id='word_1_167' title='bbox 1304 1652 1395 1676; x_wconf 90' lang='lat' dir='ltr'><strong>non</strong></span> <span class='ocrx_word' id='word_1_168' title='bbox 1424 1633 1652 1690; x_wconf 88' lang='lat' dir='ltr'><strong>peccet;⁵)</strong></span> 
     </span>
     <span class='ocr_line' id='line_1_21' title="bbox 221 1712 1652 1769; baseline -0.003 -14"><span class='ocrx_word' id='word_1_169' title='bbox 221 1714 256 1756; x_wconf 83' lang='lat' dir='ltr'><strong>si</strong></span> <span class='ocrx_word' id='word_1_170' title='bbox 284 1730 385 1755; x_wconf 84' lang='lat' dir='ltr'><strong>vero</strong></span> <span class='ocrx_word' id='word_1_171' title='bbox 417 1712 640 1769; x_wconf 75' lang='lat' dir='ltr'><strong>peccet,⁶)</strong></span> <span class='ocrx_word' id='word_1_172' title='bbox 673 1729 721 1754; x_wconf 86' lang='lat' dir='ltr'><strong>ex</strong></span> <span class='ocrx_word' id='word_1_173' title='bbox 749 1713 833 1753; x_wconf 89' lang='lat' dir='ltr'><strong>hoc</strong></span> <span class='ocrx_word' id='word_1_174' title='bbox 864 1712 957 1768; x_wconf 90' lang='lat' dir='ltr'><strong>ipso</strong></span> <span class='ocrx_word' id='word_1_175' title='bbox 992 1722 1202 1763; x_wconf 82' lang='lat' dir='ltr'><strong>arguatur,</strong></span> <span class='ocrx_word' id='word_1_176' title='bbox 1235 1713 1353 1767; x_wconf 85' lang='lat' dir='ltr'><strong>quod</strong></span> <span class='ocrx_word' id='word_1_177' title='bbox 1382 1728 1473 1752; x_wconf 90' lang='lat' dir='ltr'><strong>non</strong></span> <span class='ocrx_word' id='word_1_178' title='bbox 1495 1712 1652 1752; x_wconf 87' lang='lat' dir='ltr'><strong>credat.</strong></span> 
     </span>
     <span class='ocr_line' id='line_1_22' title="bbox 223 1787 1654 1846; baseline -0.003 -13"><span class='ocrx_word' id='word_1_179' title='bbox 223 1791 310 1834; x_wconf 88' lang='lat' dir='ltr'><strong>Sed</strong></span> <span class='ocrx_word' id='word_1_180' title='bbox 340 1791 447 1832; x_wconf 85' lang='lat' dir='ltr'><strong>haec</strong></span> <span class='ocrx_word' id='word_1_181' title='bbox 477 1807 607 1846; x_wconf 86' lang='lat' dir='ltr'><strong>quam</strong></span> <span class='ocrx_word' id='word_1_182' title='bbox 638 1791 745 1831; x_wconf 84' lang='lat' dir='ltr'><strong>dura</strong></span> <span class='ocrx_word' id='word_1_183' title='bbox 774 1789 826 1830; x_wconf 88' lang='lat' dir='ltr'><strong>sit</strong></span> <span class='ocrx_word' id='word_1_184' title='bbox 855 1787 1085 1837; x_wconf 76' lang='lat' dir='ltr'><strong>sententia,</strong></span> <span class='ocrx_word' id='word_1_185' title='bbox 1117 1789 1226 1829; x_wconf 87' lang='lat' dir='ltr'><strong>nulli</strong></span> <span class='ocrx_word' id='word_1_186' title='bbox 1257 1789 1503 1839; x_wconf 83' lang='lat' dir='ltr'><strong>ambiguum</strong></span> <span class='ocrx_word' id='word_1_187' title='bbox 1532 1799 1654 1843; x_wconf 84' lang='lat' dir='ltr'><strong>puto.</strong></span> 
     </span>
     <span class='ocr_line' id='line_1_23' title="bbox 223 1864 1650 1923; baseline -0.004 -13"><span class='ocrx_word' id='word_1_188' title='bbox 223 1869 394 1923; x_wconf 87' lang='lat' dir='ltr'><strong>Quotus</strong></span> <span class='ocrx_word' id='word_1_189' title='bbox 425 1866 538 1909; x_wconf 89' lang='lat' dir='ltr'><strong>enim</strong></span> <span class='ocrx_word' id='word_1_190' title='bbox 571 1867 749 1922; x_wconf 86' lang='lat' dir='ltr'><strong>quisque</strong></span> <span class='ocrx_word' id='word_1_191' title='bbox 785 1864 1024 1906; x_wconf 85' lang='lat' dir='ltr'><strong>invenietur</strong></span> <span class='ocrx_word' id='word_1_192' title='bbox 1053 1865 1097 1906; x_wconf 88' lang='lat' dir='ltr'><strong>in</strong></span> <span class='ocrx_word' id='word_1_193' title='bbox 1128 1864 1270 1915; x_wconf 82' lang='lat' dir='ltr'><strong>terris,</strong></span> <span class='ocrx_word' id='word_1_194' title='bbox 1312 1865 1385 1920; x_wconf 88' lang='lat' dir='ltr'><strong>qui</strong></span> <span class='ocrx_word' id='word_1_195' title='bbox 1425 1864 1482 1906; x_wconf 87' lang='lat' dir='ltr'><strong>ita</strong></span> <span class='ocrx_word' id='word_1_196' title='bbox 1521 1865 1650 1906; x_wconf 83' lang='lat' dir='ltr'><strong>vitam</strong></span> 
     </span>
     <span class='ocr_line' id='line_1_24' title="bbox 221 1941 1654 1999; baseline -0.003 -11"><span class='ocrx_word' id='word_1_197' title='bbox 221 1961 343 1993; x_wconf 84' lang='lat' dir='ltr'><strong>suam</strong></span> <span class='ocrx_word' id='word_1_198' title='bbox 383 1945 530 1994; x_wconf 86' lang='lat' dir='ltr'><strong>libret,</strong></span> <span class='ocrx_word' id='word_1_199' title='bbox 556 1943 599 1999; x_wconf 85' lang='lat'><strong>⁷)</strong></span> <span class='ocrx_word' id='word_1_200' title='bbox 638 1955 685 1984; x_wconf 88' lang='lat' dir='ltr'><strong>ut</strong></span> <span class='ocrx_word' id='word_1_201' title='bbox 721 1944 764 1985; x_wconf 90' lang='lat' dir='ltr'><strong>in</strong></span> <span class='ocrx_word' id='word_1_202' title='bbox 808 1942 930 1984; x_wconf 90' lang='lat' dir='ltr'><strong>nullo</strong></span> <span class='ocrx_word' id='word_1_203' title='bbox 973 1941 1143 1997; x_wconf 84' lang='lat' dir='ltr'><strong>penitus</strong></span> <span class='ocrx_word' id='word_1_204' title='bbox 1185 1941 1429 1997; x_wconf 84' lang='lat' dir='ltr'><strong>delinquat?</strong></span> <span class='ocrx_word' id='word_1_205' title='bbox 1487 1941 1574 1983; x_wconf 74' lang='lat' dir='ltr'><strong>Sed</strong></span> <span class='ocrx_word' id='word_1_206' title='bbox 1615 1953 1654 1983; x_wconf 86' lang='lat' dir='ltr'><strong>et</strong></span> 
     </span>
     <span class='ocr_line' id='line_1_25' title="bbox 222 2018 1651 2080; baseline -0.002 -16"><span class='ocrx_word' id='word_1_207' title='bbox 222 2023 415 2065; x_wconf 82' lang='lat' dir='ltr'><strong>Joannes</strong></span> <span class='ocrx_word' id='word_1_208' title='bbox 436 2021 670 2080; x_wconf 81' lang='lat' dir='ltr'><strong>Apostolus</strong></span> <span class='ocrx_word' id='word_1_209' title='bbox 700 2020 743 2061; x_wconf 87' lang='lat' dir='ltr'><strong>in</strong></span> <span class='ocrx_word' id='word_1_210' title='bbox 776 2019 951 2075; x_wconf 81' lang='lat' dir='ltr'><strong>epistola</strong></span> <span class='ocrx_word' id='word_1_211' title='bbox 983 2035 1056 2059; x_wconf 86' lang='lat' dir='ltr'><strong>sua</strong></span> <span class='ocrx_word' id='word_1_212' title='bbox 1080 2019 1295 2060; x_wconf 86' lang='lat' dir='ltr'><strong>evidenter</strong></span> <span class='ocrx_word' id='word_1_213' title='bbox 1321 2019 1444 2059; x_wconf 81' lang='lat' dir='ltr'><strong>etiam</strong></span> <span class='ocrx_word' id='word_1_214' title='bbox 1478 2018 1651 2075; x_wconf 84' lang='lat' dir='ltr'><strong>opinio-</strong></span> 
     </span>
     <span class='ocr_line' id='line_1_26' title="bbox 221 2095 1654 2158; baseline -0.003 -16"><span class='ocrx_word' id='word_1_215' title='bbox 221 2116 321 2142; x_wconf 86' lang='lat' dir='ltr'><strong>nem</strong></span> <span class='ocrx_word' id='word_1_216' title='bbox 352 2098 603 2158; x_wconf 87' lang='lat' dir='ltr'><strong>hujusmodi</strong></span> <span class='ocrx_word' id='word_1_217' title='bbox 632 2109 772 2147; x_wconf 83' lang='lat' dir='ltr'><strong>notat,</strong></span> <span class='ocrx_word' id='word_1_218' title='bbox 813 2114 910 2138; x_wconf 90' lang='lat' dir='ltr'><strong>cum</strong></span> <span class='ocrx_word' id='word_1_219' title='bbox 943 2096 1064 2137; x_wconf 87' lang='lat' dir='ltr'><strong>dicit:</strong></span> <span class='ocrx_word' id='word_1_220' title='bbox 1105 2095 1231 2150; x_wconf 72' lang='lat' dir='ltr'><strong>,‚si⁸)</strong></span> <span class='ocrx_word' id='word_1_221' title='bbox 1271 2096 1362 2150; x_wconf 84' lang='lat' dir='ltr'><strong>quis</strong></span> <span class='ocrx_word' id='word_1_222' title='bbox 1394 2096 1514 2147; x_wconf 86' lang='lat' dir='ltr'><strong>dicit,</strong></span> <span class='ocrx_word' id='word_1_223' title='bbox 1554 2096 1654 2152; x_wconf 69' lang='lat' dir='ltr'><strong>quIa</strong></span> 
     </span>
     <span class='ocr_line' id='line_1_27' title="bbox 221 2172 1653 2234; baseline -0.003 -14"><span class='ocrx_word' id='word_1_224' title='bbox 221 2189 447 2234; x_wconf 84' lang='lat' dir='ltr'><strong>peccatum</strong></span> <span class='ocrx_word' id='word_1_225' title='bbox 480 2193 574 2218; x_wconf 88' lang='lat' dir='ltr'><strong>non</strong></span> <span class='ocrx_word' id='word_1_226' title='bbox 602 2175 743 2225; x_wconf 82' lang='lat' dir='ltr'><strong>habet,</strong></span> <span class='ocrx_word' id='word_1_227' title='bbox 774 2175 842 2216; x_wconf 88' lang='lat' dir='ltr'><strong>hic</strong></span> <span class='ocrx_word' id='word_1_228' title='bbox 873 2174 1057 2215; x_wconf 82' lang='lat' dir='ltr'><strong>mendax</strong></span> <span class='ocrx_word' id='word_1_229' title='bbox 1088 2185 1158 2222; x_wconf 88' lang='lat' dir='ltr'><strong>est,</strong></span> <span class='ocrx_word' id='word_1_230' title='bbox 1191 2184 1231 2214; x_wconf 88' lang='lat' dir='ltr'><strong>et</strong></span> <span class='ocrx_word' id='word_1_231' title='bbox 1259 2172 1407 2215; x_wconf 81' lang='lat' dir='ltr'><strong>veritas</strong></span> <span class='ocrx_word' id='word_1_232' title='bbox 1425 2175 1469 2215; x_wconf 88' lang='lat' dir='ltr'><strong>in</strong></span> <span class='ocrx_word' id='word_1_233' title='bbox 1490 2190 1541 2215; x_wconf 94' lang='lat' dir='ltr'><strong>eo</strong></span> <span class='ocrx_word' id='word_1_234' title='bbox 1563 2191 1653 2217; x_wconf 87' lang='lat' dir='ltr'><strong>non</strong></span> 
     </span>
    </p>
   </div>
   <div class='ocr_carea' id='block_1_3' title="bbox 224 2250 1654 2309">
    <p class='ocr_par' dir='ltr' id='par_1_3' title="bbox 224 2250 1654 2309">
     <span class='ocr_line' id='line_1_28' title="bbox 224 2250 1654 2309; baseline -0.002 -13"><span class='ocrx_word' id='word_1_235' title='bbox 224 2266 295 2297; x_wconf 88' lang='lat' dir='ltr'><strong>est.</strong></span> <span class='ocrx_word' id='word_1_236' title='bbox 356 2254 402 2295; x_wconf 88' lang='lat' dir='ltr'><strong>Si</strong></span> <span class='ocrx_word' id='word_1_237' title='bbox 438 2265 578 2295; x_wconf 83' lang='lat' dir='ltr'><strong>autem</strong></span> <span class='ocrx_word' id='word_1_238' title='bbox 612 2254 896 2294; x_wconf 82' lang='lat' dir='ltr'><strong>confiteamur</strong></span> <span class='ocrx_word' id='word_1_239' title='bbox 924 2262 1101 2309; x_wconf 86' lang='lat' dir='ltr'><strong>peccata</strong></span> <span class='ocrx_word' id='word_1_240' title='bbox 1130 2261 1299 2301; x_wconf 86' lang='lat' dir='ltr'><strong>nostra,</strong></span> <span class='ocrx_word' id='word_1_241' title='bbox 1340 2250 1545 2293; x_wconf 80' lang='lat' dir='ltr'><strong>habemus</strong></span> <span class='ocrx_word' id='word_1_242' title='bbox 1578 2253 1654 2293; x_wconf 83' lang='lat' dir='ltr'><strong>ad·</strong></span> 
     </span>
    </p>
   </div>
   <div class='ocr_carea' id='block_1_4' title="bbox 339 2397 1649 2667">
    <p class='ocr_par' dir='ltr' id='par_1_4' title="bbox 343 2397 1150 2454">
     <span class='ocr_line' id='line_1_29' title="bbox 343 2397 1150 2454; baseline -0.004 -14"><span class='ocrx_word' id='word_1_243' title='bbox 343 2400 386 2454; x_wconf 90' lang='lat'><strong>¹)</strong></span> <span class='ocrx_word' id='word_1_244' title='bbox 416 2399 548 2442; x_wconf 88' lang='lat' dir='ltr'><strong>Deest</strong></span> <span class='ocrx_word' id='word_1_245' title='bbox 577 2398 673 2448; x_wconf 87' lang='lat' dir='ltr'><strong>„in“</strong></span> <span class='ocrx_word' id='word_1_246' title='bbox 704 2398 744 2438; x_wconf 90' lang='lat' dir='ltr'><strong>h.</strong></span> <span class='ocrx_word' id='word_1_247' title='bbox 776 2399 803 2439; x_wconf 87' lang='lat' dir='ltr'><strong>l.</strong></span> <span class='ocrx_word' id='word_1_248' title='bbox 831 2398 875 2441; x_wconf 89' lang='lat' dir='ltr'><strong>in</strong></span> <span class='ocrx_word' id='word_1_249' title='bbox 907 2400 971 2440; x_wconf 88' lang='lat' dir='ltr'><strong>ed.</strong></span> <span class='ocrx_word' id='word_1_250' title='bbox 1002 2397 1150 2438; x_wconf 83' lang='lat' dir='ltr'><strong>Ruaei.</strong></span> 
     </span>
    </p>

    <p class='ocr_par' dir='ltr' id='par_1_5' title="bbox 339 2466 1649 2667">
     <span class='ocr_line' id='line_1_30' title="bbox 339 2466 1592 2527; baseline -0.002 -16"><span class='ocrx_word' id='word_1_251' title='bbox 339 2469 386 2527; x_wconf 80' lang='lat'><strong>²)</strong></span> <span class='ocrx_word' id='word_1_252' title='bbox 416 2470 492 2512; x_wconf 84' lang='lat' dir='ltr'><strong>Ev.</strong></span> <span class='ocrx_word' id='word_1_253' title='bbox 523 2470 681 2510; x_wconf 87' lang='lat' dir='ltr'><strong>Joann.</strong></span> <span class='ocrx_word' id='word_1_254' title='bbox 711 2468 784 2517; x_wconf 86' lang='lat' dir='ltr'><strong>Ill,</strong></span> <span class='ocrx_word' id='word_1_255' title='bbox 816 2468 881 2513; x_wconf 87' lang='lat'><strong>18.</strong></span> <span class='ocrx_word' id='word_1_256' title='bbox 1002 2467 1048 2522; x_wconf 84' lang='lat'><strong>³)</strong></span> <span class='ocrx_word' id='word_1_257' title='bbox 1078 2466 1189 2508; x_wconf 86' lang='lat' dir='ltr'><strong>Edd.</strong></span> <span class='ocrx_word' id='word_1_258' title='bbox 1220 2466 1413 2507; x_wconf 82' lang='lat' dir='ltr'><strong>Merlini:</strong></span> <span class='ocrx_word' id='word_1_259' title='bbox 1447 2466 1592 2508; x_wconf 85' lang='lat' dir='ltr'><strong>credit.</strong></span> 
     </span>
     <span class='ocr_line' id='line_1_31' title="bbox 340 2535 1649 2597; baseline -0.003 -16"><span class='ocrx_word' id='word_1_260' title='bbox 340 2540 387 2597; x_wconf 78' lang='lat'><strong>⁴¹)</strong></span> <span class='ocrx_word' id='word_1_261' title='bbox 418 2540 527 2581; x_wconf 86' lang='lat' dir='ltr'><strong>Edd.</strong></span> <span class='ocrx_word' id='word_1_262' title='bbox 556 2538 752 2578; x_wconf 78' lang='lat' dir='ltr'><strong>Merlini:</strong></span> <span class='ocrx_word' id='word_1_263' title='bbox 786 2537 975 2579; x_wconf 87' lang='lat' dir='ltr'><strong>credidit.</strong></span> <span class='ocrx_word' id='word_1_264' title='bbox 1115 2535 1160 2592; x_wconf 88' lang='lat'><strong>⁵)</strong></span> <span class='ocrx_word' id='word_1_265' title='bbox 1191 2537 1270 2578; x_wconf 88' lang='lat' dir='ltr'><strong>Ed.</strong></span> <span class='ocrx_word' id='word_1_266' title='bbox 1302 2535 1456 2577; x_wconf 78' lang='lat' dir='ltr'><strong>Ruaei:</strong></span> <span class='ocrx_word' id='word_1_267' title='bbox 1490 2548 1649 2592; x_wconf 79' lang='lat' dir='ltr'><strong>peccat.</strong></span> 
     </span>
     <span class='ocr_line' id='line_1_32' title="bbox 341 2607 1013 2667; baseline -0.003 -16"><span class='ocrx_word' id='word_1_268' title='bbox 341 2611 387 2667; x_wconf 79' lang='lat'><strong>⁶)</strong></span> <span class='ocrx_word' id='word_1_269' title='bbox 416 2609 527 2651; x_wconf 88' lang='lat' dir='ltr'><strong>Edd.</strong></span> <span class='ocrx_word' id='word_1_270' title='bbox 557 2608 618 2649; x_wconf 88' lang='grc' dir='ltr'><strong>Μ.</strong></span> <span class='ocrx_word' id='word_1_271' title='bbox 651 2619 690 2648; x_wconf 88' lang='lat' dir='ltr'><strong>et</strong></span> <span class='ocrx_word' id='word_1_272' title='bbox 720 2607 768 2647; x_wconf 87' lang='lat' dir='ltr'><strong>R.</strong></span> <span class='ocrx_word' id='word_1_273' title='bbox 798 2612 1013 2662; x_wconf 82' lang='lat' dir='ltr'><strong>„peccat.“</strong></span> 
     </span>
    </p>
   </div>
   <div class='ocr_carea' id='block_1_5' title="bbox 224 2663 1650 2848">
    <p class='ocr_par' dir='ltr' id='par_1_6' title="bbox 224 2663 1650 2848">
     <span class='ocr_line' id='line_1_33' title="bbox 341 2663 1650 2733; baseline -0.003 -12"><span class='ocrx_word' id='word_1_274' title='bbox 341 2679 387 2733; x_wconf 85' lang='grc'><strong>7)</strong></span> <span class='ocrx_word' id='word_1_275' title='bbox 418 2680 478 2721; x_wconf 86' lang='lat' dir='ltr'><strong>Ita</strong></span> <span class='ocrx_word' id='word_1_276' title='bbox 507 2678 613 2721; x_wconf 88' lang='lat' dir='ltr'><strong>Msc.</strong></span> <span class='ocrx_word' id='word_1_277' title='bbox 644 2694 754 2719; x_wconf 91' lang='lat' dir='ltr'><strong>unus</strong></span> <span class='ocrx_word' id='word_1_278' title='bbox 785 2676 883 2728; x_wconf 84' lang='lat' dir='ltr'><strong>Reg.</strong></span> <span class='ocrx_word' id='word_1_279' title='bbox 914 2694 1032 2718; x_wconf 90' lang='lat' dir='ltr'><strong>num.</strong></span> <span class='ocrx_word' id='word_1_280' title='bbox 1066 2663 1210 2727; x_wconf 60' lang='lat'><strong>1640„</strong></span> <span class='ocrx_word' id='word_1_281' title='bbox 1253 2689 1291 2718; x_wconf 90' lang='lat' dir='ltr'><strong>et</strong></span> <span class='ocrx_word' id='word_1_282' title='bbox 1321 2675 1515 2732; x_wconf 82' lang='lat' dir='ltr'><strong>plerique</strong></span> <span class='ocrx_word' id='word_1_283' title='bbox 1550 2676 1650 2718; x_wconf 80' lang='lat' dir='ltr'><strong>editi</strong></span> 
     </span>
     <span class='ocr_line' id='line_1_34' title="bbox 226 2732 1648 2789; baseline -0.002 -12"><span class='ocrx_word' id='word_1_284' title='bbox 226 2737 285 2789; x_wconf 84' lang='lat' dir='ltr'><strong>(e.</strong></span> <span class='ocrx_word' id='word_1_285' title='bbox 318 2752 351 2776; x_wconf 87' lang='lat' dir='ltr'><strong>c.</strong></span> <span class='ocrx_word' id='word_1_286' title='bbox 382 2738 446 2779; x_wconf 88' lang='lat' dir='ltr'><strong>ed.</strong></span> <span class='ocrx_word' id='word_1_287' title='bbox 477 2736 538 2776; x_wconf 88' lang='lat' dir='ltr'><strong>M.</strong></span> <span class='ocrx_word' id='word_1_288' title='bbox 571 2734 658 2788; x_wconf 75' lang='lat' dir='ltr'><strong>IL).</strong></span> <span class='ocrx_word' id='word_1_289' title='bbox 719 2732 885 2774; x_wconf 81' lang='lat' dir='ltr'><strong>Caeteri</strong></span> <span class='ocrx_word' id='word_1_290' title='bbox 914 2750 1013 2775; x_wconf 83' lang='lat' dir='ltr'><strong>vero</strong></span> <span class='ocrx_word' id='word_1_291' title='bbox 1045 2733 1164 2783; x_wconf 61' lang='lat' dir='ltr'><strong>Mss„</strong></span> <span class='ocrx_word' id='word_1_292' title='bbox 1195 2733 1416 2782; x_wconf 80' lang='lat' dir='ltr'><strong>Rabanus,</strong></span> <span class='ocrx_word' id='word_1_293' title='bbox 1449 2745 1487 2775; x_wconf 85' lang='lat' dir='ltr'><strong>et</strong></span> <span class='ocrx_word' id='word_1_294' title='bbox 1519 2733 1648 2775; x_wconf 80' lang='lat' dir='ltr'><strong>editio</strong></span> 
     </span>
     <span class='ocr_line' id='line_1_35' title="bbox 224 2788 1397 2848; baseline -0.003 -15"><span class='ocrx_word' id='word_1_295' title='bbox 224 2793 383 2836; x_wconf 78' lang='lat' dir='ltr'><strong>Veneta</strong></span> <span class='ocrx_word' id='word_1_296' title='bbox 415 2792 627 2848; x_wconf 83' lang='lat' dir='ltr'><strong>(itemque</strong></span> <span class='ocrx_word' id='word_1_297' title='bbox 658 2791 722 2832; x_wconf 89' lang='lat' dir='ltr'><strong>ed.</strong></span> <span class='ocrx_word' id='word_1_298' title='bbox 753 2789 812 2831; x_wconf 87' lang='lat' dir='ltr'><strong>M.</strong></span> <span class='ocrx_word' id='word_1_299' title='bbox 830 2789 907 2846; x_wconf 86' lang='lat' dir='ltr'><strong>I.):</strong></span> <span class='ocrx_word' id='word_1_300' title='bbox 943 2790 1157 2841; x_wconf 82' lang='lat' dir='ltr'><strong>„liberet.“</strong></span> <span class='ocrx_word' id='word_1_301' title='bbox 1188 2791 1314 2832; x_wconf 81' lang='lat' dir='ltr'><strong>Male.</strong></span> <span class='ocrx_word' id='word_1_302' title='bbox 1349 2788 1397 2830; x_wconf 84' lang='lat' dir='ltr'><strong>R.</strong></span> 
     </span>
    </p>
   </div>
   <div class='ocr_carea' id='block_1_6' title="bbox 339 2860 990 2916">
    <p class='ocr_par' dir='ltr' id='par_1_7' title="bbox 339 2860 990 2916">
     <span class='ocr_line' id='line_1_36' title="bbox 339 2860 990 2916; baseline 0.005 -15"><span class='ocrx_word' id='word_1_303' title='bbox 339 2863 386 2916; x_wconf 79' lang='lat'><strong>⁸)</strong></span> <span class='ocrx_word' id='word_1_304' title='bbox 418 2863 434 2901; x_wconf 91' lang='lat'>1</span> <span class='ocrx_word' id='word_1_305' title='bbox 466 2862 624 2904; x_wconf 81' lang='lat' dir='ltr'><strong>Joann.</strong></span> <span class='ocrx_word' id='word_1_306' title='bbox 655 2862 687 2913; x_wconf 84' lang='grc' dir='ltr'><strong>Ι,</strong></span> <span class='ocrx_word' id='word_1_307' title='bbox 717 2860 756 2905; x_wconf 88' lang='grc'><strong>8.</strong></span> <span class='ocrx_word' id='word_1_308' title='bbox 787 2885 839 2894; x_wconf 91' lang='lat'><strong>—-</strong></span> <span class='ocrx_word' id='word_1_309' title='bbox 871 2860 923 2911; x_wconf 87' lang='lat' dir='ltr'><strong>II,</strong></span> <span class='ocrx_word' id='word_1_310' title='bbox 955 2862 990 2904; x_wconf 90' lang='lat'><strong>1.</strong></span> 
     </span>
    </p>
   </div>
  </div>
 </body>
</html>
