1788 3111
211 112 298 157 308
548 109 771 153 Omcnms
799 121 847 151 m
876 107 954 151 Ep,
983 117 1044 150 An
1072 107 1298 151 Rommos

212 241 307 266 mus
338 235 379 265 et
409 239 479 274 ea,
518 238 628 279 quae
656 222 700 264 in
731 220 1015 264 saecularibus
1053 220 1239 263 historiis
1268 223 1485 272 feruntur,
1514 223 1634 279 quod

214 302 341 344 etiam
375 302 490 358 apud
518 300 633 357 ipsos
662 299 863 341 nonnulli
891 298 1170 355 pestilentias,
1200 300 1267 340 vel
1295 299 1500 350 turbines,
1530 300 1632 342 alia-

215 397 299 436 que
328 379 392 421 his
422 377 574 420 similia
601 379 884 434 perhibentur
911 376 1041 417 morti
1071 393 1114 417 se
1145 374 1388 433 objiciendo
1418 377 1634 432 repulisse,

215 469 257 498 et
284 457 466 513 patriam
494 457 561 497 vel
591 468 757 510 gentem
788 472 908 496 suam
937 453 1196 495 imminentis
1227 454 1357 496 cladis
1388 454 1550 496 excidio
1581 455 1633 495 li-

213 536 395 576 berasse.
457 534 581 588 Quae
612 532 785 589 quidem
817 549 946 588 quam
983 548 1079 572 vere
1109 531 1263 587 scripta
1292 531 1395 582 sint,
1433 532 1500 572 vel
1532 531 1635 587 quid

215 611 390 653 rationis
419 613 616 661 habeant,
646 611 679 652 si
704 627 801 652 vera
831 622 940 659 sunt,
971 609 1056 651 Dei
1086 620 1148 650 est
1175 626 1301 650 nosse
1324 609 1469 651 solius.
1502 607 1636 650 'Nul-

215 690 282 730 lus
319 701 463 730 tamen
493 689 707 744 ipsorum,
746 688 798 728 (le
843 686 997 743 quibus
1041 687 1118 728 ista
1160 698 1409 737 narrantur,
1444 702 1499 726 ne
1534 686 1634 726 ficto

217 766 392 822 quidem
432 782 630 808 sermone
667 764 798 807 totius
837 764 989 805 mundi
1027 775 1200 820 peccata
1237 763 1464 805 absolvisse
1492 762 1636 819 perhi-

214 846 360 895 betur,
390 843 470 885 m'si
498 844 621 885 Jesus
651 844 790 893 solus,
821 841 894 898 qui
913 841 956 898 ¹)
995 859 1119 891 „cum
1151 853 1257 883 esset
1294 841 1340 882 in
1369 843 1509 882 forma
1539 840 1638 890 Dei,

216 939 307 964 non
338 921 532 978 rapinam
572 920 798 961 arbitratus
838 931 898 960 est
940 935 1029 960 esse
1068 936 1111 960 se
1149 919 1370 975 aequalem
1401 920 1524 968 Deo,
1562 919 1638 959 sed

217 1011 351 1041 semet
378 999 520 1055 ipsum
551 995 815 1046 exinanivit‚“
857 1008 897 1037 et
933 997 1169 1037 secundum
1210 997 1473 1037 voluntatem
1501 995 1638 1037 Patris

216 1078 358 1118 forma
374 1075 481 1117 servi
500 1086 706 1130 suscepta,
737 1074 894 1114 obtulit
914 1072 1127 1114 victimam
1145 1091 1225 1129 pro
1240 1074 1437 1115 universo
1455 1075 1635 1123 mundo,

215 1155 387 1194 tradens
417 1152 665 1205 sanguinem
694 1168 820 1192 suum
847 1149 1032 1206 principi
1062 1149 1187 1207 hujus
1210 1151 1374 1202 mundi,
1404 1153 1641 1193 secundum
1664 1174 1667 1177 >

216 1223 465 1288 sapientiam
485 1227 582 1278 Dei,
596 1227 642 1282 2)
674 1243 805 1283 quam
823 1226 869 1280 3)
899 1244 1053 1278 „nemo
1077 1228 1322 1283 principum
1341 1227 1467 1285 hujus
1489 1228 1640 1269 mundi

215 1308 435 1362 cognovit:
468 1305 501 1347 si
534 1304 646 1346 enim
678 1305 988 1358 cognovissent,
1028 1322 1252 1361 nunquam
1279 1305 1521 1347 Dominum
1551 1322 1641 1346 ma-

214 1384 373 1445 jestatis
404 1382 744 1433 crucifixissent‚“
781 1400 860 1424 nec
878 1383 923 1437 4)
956 1382 1121 1436 sanguis
1150 1383 1244 1433 ille,
1286 1399 1413 1438 quem
1442 1382 1641 1433 sitierant,

216 1480 308 1505 non
337 1475 425 1504 tam
455 1461 590 1511 sitim,
631 1477 757 1517 quam
796 1461 905 1502 vires
938 1477 1089 1501 eorum
1121 1462 1411 1514 exstingueret,
1441 1477 1639 1513 regnum—

219 1558 302 1598 que
332 1542 588 1581 destrueret:
619 1553 699 1578 nec
730 1536 941 1577 accideret
968 1537 1017 1578 iis
1047 1537 1169 1587 illud,
1203 1538 1321 1593 quod
1350 1537 1566 1579 Dominus
1596 1538 1642 1578 in

215 1616 447 1670 Evangelio
481 1615 605 1656 dicit:
637 1615 820 1669 „ecce⁵)
852 1632 967 1655 nunc
997 1614 1195 1670 princeps
1229 1613 1354 1672 hujus
1392 1614 1544 1655 mundi
1573 1613 1641 1672 ju-

219 1696 381 1737 dicatus
413 1699 525 1734 cst:“
556 1704 598 1734 et
622 1692 751 1732 illud:
783 1708 907 1741 „ecce
923 1691 968 1743 6)
999 1691 1194 1732 videbam
1215 1704 1403 1732 satanam
1422 1692 1528 1732 sicut
1557 1692 1640 1732 ful-

217 1790 296 1826 gur
327 1772 551 1812 cadentem
591 1770 645 1809 de
683 1768 847 1808 coelo.“
905 1768 1139 1821 ‚,Mult0⁷)
1181 1785 1301 1821 ergo,
1332 1768 1482 1824 inquit,
1511 1767 1642 1820 magis

216 1847 432 1908 justificati
461 1863 576 1888 nunc
606 1846 652 1886 in
690 1843 891 1897 sanguine
923 1843 1034 1902 ejus,
1074 1845 1176 1886 salvi
1207 1845 1361 1886 erimus
1392 1847 1445 1886 ab
1474 1845 1537 1885 ira
1566 1862 1643 1900 per

216 1927 398 1983 ipsum.“
427 1926 479 1966 In
509 1922 799 1980 superioribus
823 1921 997 1977 quidem
1028 1922 1207 1964 dixerat:
1238 1921 1535 1978 ‚‚justificati⁸)
1564 1922 1642 1976 igi-

216 2015 288 2044 tur
318 2019 366 2044 ex
397 2002 503 2050 fide,
545 2016 697 2055 pacem
728 2000 959 2040 habeamus
991 2000 1043 2040 ad
1074 2000 1268 2041 Deum:“
1302 2011 1342 2040 et
1370 2017 1486 2041 nunc
1519 2000 1641 2042 dicit:

216 2080 381 2134 „multo
397 2078 443 2135 ⁹)
483 2077 614 2131 magis
652 2094 768 2118 nunc
797 2075 1011 2135 justificati
1050 2075 1094 2117 in
1134 2077 1335 2129 sanguine
1363 2077 1514 2133 ipsius,
1543 2077 1644 2119 salvi

215 2265 333 2290 num.
384 2248 448 2291 13.
491 2244 559 2286 Cf.
606 2246 671 2287 ed.
717 2242 855 2286 Ruaei
894 2243 1020 2284 Tom.
1058 2243 1131 2285 IV.
1170 2261 1211 2300 p.
1244 2245 1350 2295 153„
1380 2246 1445 2286 ed.
1475 2257 1643 2287 nostrae

219 2305 345 2346 Tom.
375 2303 406 2344 I.
436 2319 478 2358 p.
507 2302 603 2346 261.
635 2312 798 2343 exeunt.
830 2312 871 2341 et
899 2317 941 2356 p.
972 2302 1068 2344 262.

338 2372 380 2429 ¹)
410 2371 600 2427 Philipp.
632 2373 686 2421 II,
718 2372 756 2414 6.
788 2372 825 2413 7.
856 2371 895 2414 8.

333 2443 380 2499 ²)
410 2443 545 2483 Deest
585 2441 722 2491 ‚‚Dei“
760 2441 804 2481 in
843 2440 962 2482 libris
1005 2452 1127 2483 antea
1168 2440 1288 2482 editis
1319 2440 1378 2496 (v.
1408 2456 1442 2481 c.
1473 2439 1518 2480 in
1548 2441 1643 2483 cdd.

218 2500 320 2558 M.),
352 2511 393 2540 et
422 2498 466 2539 in
493 2498 708 2554 plerisque
739 2498 842 2539 Mss.
871 2498 922 2539 R.

332 2569 379 2625 3)
408 2569 427 2609 Ι
456 2567 555 2609 Cor.
585 2568 640 2618 II,
668 2568 708 2611 8.

332 2639 380 2694 ⁴)
411 2637 548 2679 Alias:
582 2654 662 2688 „ne
690 2636 855 2689 sanguis
884 2636 983 2678 ille“
1015 2649 1091 2678 etc.
1121 2639 1173 2679 R.

338 2709 382 2764 ⁵)
412 2708 489 2749 Ev.
519 2708 679 2749 Joann.
712 2707 828 2757 XVI,
859 2710 924 2752 11.
1046 2707 1091 2760 ⁶)
1121 2709 1222 2748 Luc.
1254 2707 1308 2756 X,
1341 2706 1405 2751 18.

339 2779 383 2835 ⁷)
414 2780 541 2820 Rom.
572 2779 624 2828 V,
655 2778 694 2821 9.
814 2776 861 2834 8)
892 2778 1020 2820 Rom.
1050 2779 1103 2829 V,
1135 2782 1172 2823 1.
1231 2771 1234 2774 Α

328 2849 376 2904 ⁹)
405 2851 532 2892 Rom.
589 2850 642 2899 V,
671 2848 710 2892 9.
