1788 3111
496 153 936 198 COMMENTARIORUM
967 156 1058 197 Lm.
1083 156 1134 198 ΙΙ.
1469 160 1523 202 75

113 278 294 304 crassum
330 266 587 321 appellatur,
625 268 731 309 sicut
760 284 856 309 cum
889 268 1061 310 dicitur:
1082 268 1124 324 ¹)
1163 268 1461 319 „incrassatum
1477 269 1524 325 ²)

111 352 172 382 est
201 359 276 383 cor
305 343 456 398 populi
485 344 650 401 hujus.“
709 345 984 388 Contrarium
1015 364 1115 388 vero
1148 357 1208 388 est
1238 348 1348 387 duro
1379 348 1524 397 molle,

112 421 231 474 quod
259 419 302 460 in
334 420 562 476 Scripturis
587 439 662 463 cor
680 439 881 464 carneum
898 424 943 478 3)
973 424 1239 474 nominatum
1269 435 1308 464 et
1327 424 1524 479 crasso4)

110 497 263 538 subtile
294 498 359 538 vel
389 510 526 550 tenue,
558 499 733 555 quod⁵)
767 501 1000 557 Apostolus
1025 501 1285 557 spiritualem
1307 501 1526 542 hominem

112 586 235 614 vocat
265 592 374 624 eum,
407 576 479 631 qui
511 577 718 618 examinat
749 577 905 619 omnia.
963 578 1096 631 Igitur
1126 595 1223 619 cum
1255 578 1346 633 quis
1362 578 1407 633 ὃ)
1439 579 1526 628 scit,

112 667 220 706 quae
250 653 364 693 bona
400 664 518 704 sunt,
558 665 598 694 et
626 672 715 695 non
746 654 828 707 agit
860 657 998 705 bona,
1035 673 1112 711 per
1149 655 1348 697 duritiam
1386 656 1526 697 cordis

110 741 372 770 contemtum
404 731 596 772 omnium
615 733 831 773 bonorum
852 733 1008 773 habere
1029 734 1265 774 credendus
1286 744 1357 774 est.
1401 733 1524 774 Cras—

109 806 249 847 situdo
280 823 379 848 vero
412 808 551 850 cordis
584 821 655 859 est,
685 809 760 850 ubi
790 809 953 851 subtilis
986 821 1025 850 et
1043 809 1270 865 spiritualis
1289 810 1526 863 intelligen-

109 884 190 925 tiae
218 901 308 925 non
339 885 540 940 recipitur
568 903 732 928 sensus:
763 898 804 927 et
834 887 889 928 ita
921 904 996 927 cor
1024 887 1306 942 impoenitens
1328 889 1528 928 effectum

109 962 361 1005 thesaurizat
391 962 469 1005 sihi
499 963 577 1018 ipsi
608 963 714 1004 iram
744 963 788 1004 in
819 964 886 1005 die
917 965 1023 1013 irae,
1064 976 1104 1005 et
1134 965 1400 1007 revelationis
1431 964 1527 1022 justi

110 1040 256 1098 judicii
287 1041 392 1092 Dei,
432 1042 535 1082 dum
574 1043 739 1082 bonum
782 1059 887 1097 opus
918 1059 1009 1083 non
1040 1042 1176 1094 agitur
1206 1060 1284 1099 per
1315 1042 1528 1092 duritiam,

110 1120 347 1161 intellectus
376 1136 477 1160 vero
505 1120 645 1159 bonus
674 1135 751 1174 per
770 1120 1088 1161 crassitudinem
1107 1120 1246 1161 cordis
1278 1119 1526 1161 excluditur.

109 1198 178 1238 De
208 1197 269 1238 ira
299 1208 441 1238 autem
470 1195 555 1237 Dei
585 1207 625 1237 et
654 1196 858 1252 superius,
890 1209 1096 1252 quantum
1127 1214 1192 1238 res
1214 1197 1302 1253 pati
1320 1197 1528 1253 voluit,⁷)

111 1272 224 1314 etin
263 1273 353 1314 aliis
392 1272 495 1314 locis
534 1289 658 1328 saepe
698 1273 921 1314 dissertum
962 1285 1034 1315 est.
1092 1273 1227 1328 Quod
1265 1292 1366 1316 vero
1406 1275 1528 1316 dicit:

110 1349 450 1405 ‚,tl1esaurizas8)
480 1349 558 1389 tibi
587 1349 666 1404 ipsi
695 1349 867 1390 immin
899 1349 966 1391 die
996 1350 1138 1401 irae‚“
1169 1351 1528 1392 considerandum

113 1438 183 1468 est.
242 1427 484 1468 Thesaurus
523 1426 783 1481 appellatur,
830 1443 915 1481 quo
956 1426 1108 1468 diversi
1146 1428 1308 1479 generis
1347 1445 1448 1484 opes
1488 1440 1529 1469 et

111 1503 279 1544 divitiae
309 1515 630 1556 congregantur.
690 1501 828 1559 Hujus
866 1503 911 1544 in
941 1502 1169 1559 Scripturis
1209 1505 1528 1558 significandam

110 1580 320 1635 triplicem
349 1580 537 1633 legimus.
585 1579 755 1621 Dicitur
785 1580 897 1621 enim
928 1581 971 1621 in
989 1581 1220 1634 Evangelio
1235 1582 1279 1637 9)
1310 1584 1528 1624 thesaurus

112 1674 199 1698 esse
231 1657 405 1713 quidam
424 1656 494 1712 ¹⁰)
524 1657 569 1698 in
598 1658 741 1707 terris,
770 1657 815 1698 in
847 1676 932 1714 quo
963 1658 1165 1714 prohibet
1189 1659 1404 1701 Dominus
1434 1661 1539 1701 the-'

108 1734 329 1777 saurizari:
364 1746 404 1775 et
432 1734 537 1776 alius
568 1736 786 1777 thesaurus
817 1735 860 1776 in
893 1736 1028 1785 coelo,
1057 1735 1103 1776 in
1134 1752 1220 1791 quo
1244 1735 1364 1793 jubet
1384 1737 1530 1780 fideles

112 1829 306 1869 quosque
337 1829 438 1868 opes
469 1829 562 1853 suas
592 1813 850 1854 recondere:
888 1825 929 1854 et
957 1812 1113 1868 hie¹¹)
1150 1830 1265 1855 nunc
1296 1816 1530 1870 Apostolus

111 1890 213 1931 dicit
242 1891 329 1931 irae
358 1891 591 1932 thesauros.
643 1891 804 1933 Omnes
837 1908 935 1944 ergo
956 1890 1148 1932 homines
1167 1907 1244 1946 per
1274 1892 1389 1943 haec,
1422 1909 1530 1948 quae

112 1980 241 2022 agunt
269 1967 314 2008 in
344 1969 427 2008 hoc
459 1969 645 2017 mundo,
684 1968 727 2009 in
757 1985 846 2010 uno
887 1968 1032 2024 aliquo
1065 1985 1113 2009 ex
1142 1967 1228 2009 istis
1258 1968 1393 2011 tribus
1423 1987 1528 2011 con-

111 2057 281 2100 gregant
310 2047 540 2086 thesauros.
590 2046 676 2085 Aut
696 2045 808 2086 enim
834 2045 1018 2087 infidelis
1049 2057 1109 2087 est
1140 2045 1244 2101 quis,
1275 2058 1316 2087 et
1344 2046 1528 2102 iniquus,

113 2136 153 2165 et
183 2139 261 2179 per
290 2121 490 2163 duritiam
520 2121 682 2171 cordis,
724 2134 764 2163 et
802 2139 877 2164 cor
907 2122 1210 2178 impoenitens,
1253 2123 1298 2164 in
1329 2125 1527 2166 thesauro

231 2271 271 2325 ¹)
305 2269 375 2312 Sic
405 2269 510 2310 NIsc.
530 2268 631 2322 Reg.
662 2286 778 2309 num.
799 2267 920 2311 1639.
974 2267 1139 2309 Caeteri
1169 2286 1269 2312 vero
1300 2272 1413 2322 Mss.,
1443 2273 1528 2313 Ra-

112 2331 268 2376 banus,
300 2338 341 2367 et
371 2325 471 2366 editi
501 2328 559 2381 (e.
591 2342 624 2367 c.
657 2327 750 2366 edd.
782 2325 892 2377 ἸΜ.)·,
925 2324 1091 2374 ‚‚‹licit.⁴‘
1120 2326 1173 2367 R.

228 2398 274 2453 2)
304 2397 456 2438 Matth.
485 2396 605 2446 ΧΠῙ,
640 2397 706 2441 15.
739 2397 836 2437 coll.
868 2395 992 2436 Jesai.
1023 2397 1096 2446 VI,
1127 2398 1193 2440 10.

226 2469 274 2523 3)
303 2468 454 2508 Ezech.
486 2467 562 2517 XI,
594 2467 658 2510 19.
689 2478 730 2507 et
760 2467 964 2516 XXXVI,
993 2467 1059 2510 26.

229 2539 274 2594 ⁴)
305 2539 437 2579 Deest
466 2542 658 2587 „crasso“
687 2539 731 2579 in
765 2537 884 2579 editis
914 2541 973 2594 (e.
1008 2554 1039 2578 c.
1072 2537 1115 2577 in
1148 2538 1242 2578 edd.
1275 2538 1370 2592 Μ).
1403 2539 1452 2578 R,

228 2610 274 2665 5)
305 2610 412 2650 lec.
427 2625 559 2650 unus:
577 2609 702 2665 „quia
723 2609 996 2665 Apostolus.“
1015 2610 1065 2649 R.
1078 2634 1128 2640 —
1143 2608 1229 2650 Cfr.
1248 2610 1265 2649 l
1281 2609 1380 2650 Cor.
1400 2610 1527 2657 IL15,

230 2679 274 2733 6”)
305 2679 585 2720 Desideratur
614 2679 760 2736 ,‚quis“
791 2680 834 2721 in
866 2681 959 2721 edd.
991 2680 1053 2721 ἶΜ.

232 2750 275 2802 7)
305 2750 417 2790 Edd.
447 2750 641 2790 Merlini:
673 2751 823 2806 potuit‘
945 2749 990 2805 9)
1021 2750 1145 2790 Rom·
1179 2750 1232 2797 II,
1265 2752 1302 2791 5.

231 2819 278 2874 ⁹)
308 2821 459 2862 Mauh.
489 2821 561 2871 VI,
593 2821 797 2864 19.-—20.

207 2890 277 2943 ¹⁰)
307 2890 386 2932 Ed.
416 2891 476 2931 M.
511 2892 559 2932 II.
592 2893 720 2933 male:
758 2892 941 2947 quidem.
1065 2891 1135 2942 ¹¹)
1165 2890 1290 2931 Rome
1322 2890 1374 2936 H,
1405 2890 1432 2931 5
