1788 3111
485 112 959 157 COMMNENTARJORUM
988 114 1082 156 Lm.
1108 114 1185 158 IV.
1464 119 1548 161 313

130 248 236 304 ipso.
293 248 352 289 Et
379 248 548 290 veniens
579 247 872 301 evangelizavit
900 265 1049 304 pacem
1078 249 1211 299 vobis,
1231 249 1273 304 ¹)
1307 249 1378 307 qui
1408 250 1547 303 longe,

132 336 174 366 et
201 341 350 381 pacem
381 326 517 383 his,²)
550 326 622 382 qui
651 343 800 382 prope,
833 326 1036 382 quoniam
1070 343 1148 381 per
1176 326 1316 382 ipsum
1345 329 1549 368 habemus

133 419 344 444 accessum
389 402 558 458 utrique
601 403 645 444 in
693 420 782 444 uno
825 402 985 459 Spiritu
1026 404 1082 443 ad
1121 404 1332 444 Patrem.“
1400 404 1549 458 Sed3)

130 480 358 536 praecipue
395 480 439 521 in
482 480 544 521 his
583 479 692 520 illud
734 480 931 529 observa,
973 481 1090 535 quod
1130 480 1319 521 Christus
1359 481 1549 521 medium

132 557 336 612 parietem
366 557 572 598 maceriae
601 556 725 598 solvit
754 556 797 596 in
830 573 954 597 carne
984 573 1069 606 sua,
1100 556 1144 598 id
1172 569 1243 607 est,
1273 557 1550 608 inimicitiam,

134 645 174 674 et
207 635 324 689 quod
354 633 638 675 reconciliavit
678 645 883 688 utrosque
921 633 964 673 in
1005 650 1092 674 uno
1133 650 1316 689 corpore
1345 635 1442 675 Deo
1472 651 1551 690 per

133 727 314 760 crucem,
346 723 386 753 et
416 712 532 767 quod
573 710 781 751 interfecit
810 710 1073 752 inimicitiam
1113 710 1157 751 in
1188 727 1322 754 cruce.
1379 713 1431 752 In
1464 728 1549 767 quo

132 805 223 828 non
253 788 341 829 sine
372 804 493 829 causa
523 787 628 828 mihi
657 788 814 828 Paulus
858 789 1045 829 secundo
1086 788 1252 829 videtur
1287 789 1550 830 inimicitiam

131 865 382 915 nominasse,
415 877 454 906 et
483 865 528 906 in
558 883 644 906 uno
679 864 850 921 quidem
881 864 1040 916 dixisse,
1073 868 1189 921 quosl
1209 865 1380 907 solverit
1408 866 1550 907 inimi-

133 942 273 983 citiam
307 941 494 983 Christus
510 942 554 999 4)
586 944 630 983 in
662 960 808 993 carne,
848 941 893 983 in
933 945 1120 984 secundo
1164 961 1265 984 vero
1296 942 1551 985 interfecisse

132 1036 225 1061 eam
255 1020 300 1061 in
330 1036 466 1061 cruce.
526 1020 702 1062 Solvere
740 1037 925 1076 namque
963 1019 1069 1060 mihi
1100 1019 1266 1061 videtur
1294 1020 1339 1060 in
1370 1020 1446 1071 his,
1479 1020 1552 1076 qui

132 1099 270 1138 adhuc
301 1110 512 1139 certamen
546 1110 695 1151 gerunt
733 1100 954 1139 adversum
976 1098 1019 1153 ⁵)
1063 1109 1307 1153 peccatum,
1352 1109 1392 1139 et
1422 1115 1551 1154 repu-

132 1186 262 1227 gnant
293 1175 329 1216 ei
345 1192 425 1230 pro
458 1174 636 1216 viribus:
668 1175 906 1216 interficere
935 1191 1034 1216 vero
1055 1174 1100 1215 in
1119 1174 1194 1224 his,
1229 1175 1300 1231 qui
1329 1188 1552 1231 peccatum

130 1250 218 1308 jam
256 1269 526 1307 nequaquam
572 1252 749 1294 omnino
798 1251 1029 1307 recipiunt,
1083 1254 1157 1293 sed
1200 1252 1317 1293 omni
1349 1269 1396 1293 ex
1433 1265 1554 1308 parte

132 1330 324 1370 membra
355 1347 429 1370 sua
454 1329 763 1370 mortificarunt
787 1341 984 1385 peccato:
1017 1346 1063 1370 ex
1097 1328 1248 1384 quibus
1281 1341 1369 1370 erat
1400 1340 1439 1369 et
1467 1328 1553 1378 ille,

134 1405 208 1461 qui
258 1405 445 1446 dicebat:
497 1405 757 1460 „Christo⁶)
804 1407 1023 1448 crucifixus
1071 1423 1175 1447 sum.
1240 1405 1350 1446 Vivo
1399 1417 1553 1455 autem,

131 1481 219 1540 jam
248 1499 339 1523 non
371 1500 460 1536 ego,
492 1482 590 1523 vivit
619 1482 781 1523 veroin
801 1500 870 1524 me
903 1483 1133 1524 Cliristus.“
1172 1483 1268 1523 Hoc
1295 1498 1392 1535 ergo
1417 1484 1552 1523 modo

134 1559 260 1600 etiam
310 1559 499 1600 Christus
545 1559 700 1600 occidit
743 1558 1008 1600 inimicitiam
1052 1559 1098 1599 in
1143 1575 1268 1599 carne
1310 1577 1405 1610 sua,
1456 1578 1553 1602 cum

133 1648 274 1677 morte
336 1648 524 1692 suscepta
565 1636 805 1691 exemplum
855 1637 972 1677 dedit
1025 1635 1269 1677 hominibus
1315 1654 1450 1692 usque
1499 1639 1554 1679 ad

131 1725 316 1755 mortem
348 1712 538 1754 resistere
569 1714 791 1753 adversum
827 1726 1073 1768 peccatum,
1120 1725 1160 1754 et
1189 1713 1246 1753 ita
1280 1713 1454 1754 demum
1485 1731 1552 1757 re-

132 1791 270 1832 soluta
300 1789 518 1831 inimicitia
547 1789 592 1830 in
624 1806 748 1830 earne
770 1806 855 1839 sua,
888 1790 1174 1832 reconciliavit
1202 1806 1280 1845 per
1309 1792 1554 1843 sanguinem

132 1885 257 1908 suum
287 1867 480 1908 homines
511 1868 623 1917 Deo,
656 1883 726 1908 eos
759 1868 988 1916 duntaxat,
1021 1865 1092 1922 qui
1122 1866 1371 1909 inviolatum
1400 1886 1554 1910 recon-

134 1943 355 1985 ciliationis
394 1945 546 1985 foedus
585 1945 696 1985 ultra
738 1961 829 1984 non
857 1945 1076 1999 peccando
1110 1943 1366 1986 custodiunt.
1423 1945 1555 1997 Igitur

132 2037 249 2061 mors
290 2018 378 2077 ejus
423 2032 607 2061 mortem
649 2020 892 2060 inimicitiae
933 2020 1050 2060 dedit
1092 2020 1149 2069 ei,
1191 2037 1298 2074 quae
1328 2033 1416 2062 erat
1445 2022 1556 2064 inter

134 2113 214 2137 nos
247 2108 287 2137 et
316 2097 474 2145 Deum,
507 2108 546 2137 et
577 2096 932 2137 reconciliationis
963 2096 1143 2137 initium.
1190 2098 1459 2139 Resurrectio
1478 2117 1552 2140 au·-

134 2184 221 2214 tem
258 2173 386 2228 ipsius
427 2184 467 2214 et
504 2173 587 2213 vita
616 2172 1092 2218 salutemeredentibus
1135 2173 1338 2225 contulit,
1376 2175 1483 2216 sicut
1514 2189 1554 2218 et

134 2249 236 2290 alibi
269 2251 502 2306 Apostolus
534 2249 635 2291 dicit
665 2251 716 2290 de
750 2249 941 2291 Christo:
972 2250 1177 2306 „quod⁷)
1218 2250 1330 2291 enim
1359 2265 1554 2296 mortuus

251 2436 295 2493 ¹)
325 2437 441 2477 Editi
471 2437 531 2493 (v.
562 2454 594 2479 e.
627 2437 698 2479 ed.
721 2437 784 2478 M.
815 2437 890 2491 I.):
923 2437 1110 2487 „nobis.“
1143 2439 1192 2480 R.

251 2506 297 2561 ²)
327 2507 408 2548 Ed.
439 2507 500 2547 M.
524 2508 585 2548 II:
615 2506 675 2548 iis.
836 2544 839 2549 ,,

249 2575 296 2629 3)
325 2576 442 2617 Editi
473 2578 531 2632 (v.
562 2594 594 2618 c.
626 2578 722 2617 edd.
762 2576 868 2632 M.):
908 2578 1021 2626 „Sed
1061 2576 1286 2633 praecipue
1325 2578 1368 2619 in
1400 2579 1463 2621 his
1502 2580 1552 2620 il-

142 2631 232 2681 lud,
262 2633 315 2672 ad
344 2645 520 2688 patrem,
552 2635 753 2674 observa“
785 2645 860 2674 etc.
890 2634 942 2674 B.

254 2701 300 2754 ⁴²)
333 2703 634 2744 Genebrardus
649 2703 859 2759 (itemque
877 2705 970 2744 edd.
987 2704 1093 2759 ἿΜ.);
1113 2703 1336 2753 ‚,Christi.“
1358 2705 1487 2748 EIale.
1501 2707 1554 2748 R.
1594 2705 1597 2707 ’

255 2770 300 2825 ⁵)
329 2771 440 2815 Edd.
469 2773 664 2817 merlini:
696 2775 904 2815 adversus.
1063 2774 1109 2828 ὅ)
1142 2774 1279 2815 Galat.
1310 2775 1363 2824 Π,
1395 2776 1458 2819 19.
1487 2778 1555 2819 20.

258 2840 297 2894 ⁷)
327 2841 451 2885 Rom.
482 2844 555 2893 VI,
587 2847 653 2890 10.
