1788 3111
535 123 977 164 CommssurAmonum
1006 121 1096 164 Lm.
1127 121 1179 162 ΙΙ.
1488 123 1569 164 119

148 236 246 295 justi
277 236 356 276 sint
387 246 426 275 ct,
449 236 632 277 cultores
655 234 749 284 Dei,
778 246 824 275 ut
844 234 948 274 haec
981 232 1124 274 omnia
1151 244 1315 285 agentes
1336 234 1570 276 abstineant

148 330 192 357 se
222 315 274 354 ab
317 312 435 353 omni
475 329 520 353 re
560 313 682 352 mala.
741 309 875 364 ‚,Si¹)
907 326 1025 360 ergO,
1062 310 1221 365 inquit,
1258 310 1571 365 praevaricator

148 391 200 433 sis
230 390 368 441 legis,“
399 388 504 430 sicut
533 404 660 443 supra
692 387 975 443 exposuimus,
1009 402 1098 427 non
1119 387 1284 438 agendo
1317 402 1425 441 quae
1455 388 1571 428 bona

149 479 258 516 sunt,
289 465 552 507 circumcisio
583 476 681 514 „tua
711 463 983 520 praeputium
1016 464 1124 504 sacta
1155 469 1250 512 est,⁸‘
1281 464 1383 503 dum
1416 475 1454 504 et
1487 464 1570 504 hoc

150 544 239 592 tibi,
270 544 385 598 quod
417 541 626 583 abstinere
657 542 825 581 a-malo
857 541 964 582 visus
995 558 1055 589 es,
1096 556 1227 595 opera
1259 539 1360 582 fidei
1389 552 1429 580 ct
1454 538 1572 596 justi-

152 620 232 661 tiae
263 636 349 659 nou
382 617 541 670 agenti,
583 619 636 658 ad
666 617 958 658 infidelitatem
989 628 1220 672 reputatur.
1279 621 1429 672 Neque
1458 616 1570 657 enim

153 696 353 752 possibile
393 705 450 736 est
490 692 616 734 alicui
656 695 870 735 carnalem
910 693 1276 735 circumcisionem
1317 710 1485 735 rursum
1527 692 1569 733 iu

150 771 420 827 praeputium
451 769 567 820 verti,
598 788 694 812 cum
727 771 873 826 utique
903 771 1080 812 abscissa
1101 770 1314 826 praeputii
1338 786 1436 811 caro
1462 771 1569 811 ultra

152 850 290 890 redire
318 865 408 889 nou
438 847 581 902 possit.
641 846 819 899 Dignius
855 863 954 897 ergo
984 858 1023 888 et
1053 847 1285 888 evidentius
1314 846 1573 897 intelligitur,

152 927 270 980 quod
301 925 561 967 continentia
593 925 694 965 mali
711 923 756 979 2)
790 923 943 979 operis,
973 941 1080 979 quae
1103 940 1181 979 per
1204 922 1571 965 circumcisionem

148 1001 425 1052 significatur,
463 1000 496 1042 si
528 1018 657 1056 opera
696 1001 794 1042 fidei
832 1018 920 1041 non
961 1002 1136 1050 habeat,
1176 1003 1231 1042 ad
1258 1001 1572 1042 immunditiam

152 1077 440 1134 reputetur.3)
502 1078 588 1119 Sed
605 1076 650 1133 ⁴²)
691 1089 730 1118 et
763 1077 806 1118 in
839 1078 1013 1119 ecclesia
1045 1077 1119 1133 qui
1148 1094 1225 1133 per
1254 1077 1452 1133 baptismi
1482 1093 1574 1129 gra-

153 1155 254 1196 tIam
298 1154 637 1204 circumciditur,
681 1154 713 1195 si
754 1166 852 1209 post
889 1155 992 1195 haec
1031 1153 1348 1210 praevaricator
1386 1154 1436 1196 sit
1475 1154 1574 1205 legis

155 1231 322 1280 Christi,
354 1230 618 1272 circumcisio
649 1231 847 1286 baptismi
880 1233 933 1272 ad
958 1231 1215 1273 infidelitatis
1246 1232 1283 1272 ei
1303 1231 1573 1287 praeputium

155 1307 441 1363 reputabitur:
473 1307 570 1362 quia
601 1318 641 1348 et
669 1309 798 1356 „fides
817 1306 861 1362 5)
889 1308 979 1349 sine
1012 1308 1213 1363 operibus
1243 1315 1439 1349 mortua“
1470 1308 1574 1350 dici—

157 1396 247 1434 tur,
288 1395 326 1424 et
356 1383 457 1424 mali
486 1383 613 1424 villici
642 1401 738 1439 pars
757 1383 801 1437 6)
834 1400 931 1443 cum
961 1384 1204 1425 infidelibus
1235 1384 1423 1440 ponitur.

268 1461 333 1502 13.
372 1458 513 1515 „Si⁷)
545 1471 684 1500 autem
714 1460 984 1515 praeputium
1016 1458 1187 1516 justitias
1219 1460 1317 1512 legis
1353 1461 1574 1510 custodiat,

156 1554 302 1578 nonne
331 1535 537 1593 judicabit
566 1536 624 1585 id,
654 1538 772 1591 quod
805 1553 850 1576 ex
874 1549 1024 1577 natura
1047 1549 1104 1578 est
1120 1538 1406 1592 praeputium,
1438 1539 1574 1589 legem

156 1614 400 1669 perficiens,
438 1625 501 1661 te,
531 1612 603 1667 qui
633 1630 710 1667 per
740 1612 903 1653 literam
935 1625 974 1653 et
1004 1612 1372 1655 circumcisionem
1402 1631 1576 1668 praeva-

156 1691 316 1731 ricator
350 1706 391 1731 es
421 1688 581 1741 legis?“
640 1689 844 1744 Superius
876 1689 1068 1739 diximus,
1099 1692 1217 1745 quod
1248 1692 1357 1731 duos
1386 1691 1576 1732 Judae'os

157 1778 195 1807 et
226 1769 328 1808 duas
358 1765 699 1807 circumcisiones
733 1765 928 1807 discutiat
956 1768 1211 1821 Apostolus,
1243 1779 1282 1808 et
1311 1785 1426 1809 nunc
1457 1770 1510 1809 de
1528 1768 1575 1824 ⁸)

157 1844 339 1892 carnali,
379 1859 497 1884 nunc
537 1860 637 1883 vero
678 1844 731 1883 de
769 1842 978 1898 spirituali
1019 1856 1340 1886 commemoret.
1396 1845 1578 1886 Videtur

159 1936 256 1972 ergo
287 1920 330 1961 in
363 1918 571 1975 praesenti
600 1920 699 1960 loco
728 1919 999 1975 praeputium
1030 1920 1172 1962 dicere
1204 1920 1374 1970 Gentes,
1405 1921 1575 1977 quaein

160 1995 384 2051 praeputio
419 1995 554 2037 carnis
587 1998 641 2036 ad
679 1998 809 2038 fidem
843 1996 999 2038 Christi
1031 2009 1260 2038 venerunt:
1303 2015 1404 2052 quas
1442 1999 1576 2049 legem

157 2071 420 2127 spiritualem
448 2084 657 2114 servantes
687 2074 913 2127 componit
944 2085 982 2113 et
1020 2084 1243 2129 comparat
1270 2073 1465 2123 Judaeis,
1505 2074 1577 2128 qui

162 2165 238 2204 per
267 2148 431 2189 literam
464 2159 503 2188 et
533 2148 900 2190 circumcisionem
934 2149 1070 2190 carnis
1100 2150 1454 2205 praevaricatores
1482 2162 1577 2191 suut

160 2225 275 2277 tegis,
302 2242 409 2280 quos
442 2236 481 2265 et
509 2223 762 2281 judicandos
793 2226 845 2266 ab
878 2225 939 2267 his
971 2225 1085 2276 dicit,
1111 2224 1155 2266 in
1187 2225 1339 2281 quibus
1369 2244 1456 2267 non
1489 2244 1576 2269 car-

280 2377 324 2432 1)
356 2378 481 2419 Rom.
513 2378 564 2427 ll,
597 2380 663 2420 25.
781 2376 826 2433 2)
856 2378 937 2419 Ed.
967 2377 1030 2418 M.
1063 2377 1121 2417 II:
1150 2394 1172 2418 a
1203 2379 1316 2419 malo
1349 2396 1490 2434 opere.

277 2448 324 2501 3)
354 2448 463 2488 Edd.
494 2447 689 2489 NIcrlini:
722 2459 951 2503 reputatur.

280 2517 326 2571 4)
358 2517 418 2558 Ita
449 2518 547 2560 Mss.
579 2530 617 2557 et
648 2517 858 2558 Rabanus.
917 2516 1031 2558 Editi
1060 2534 1159 2558 vero
1192 2518 1251 2575 (e.
1283 2534 1316 2558 c.
1350 2520 1444 2559 edd.
1470 2518 1576 2572 M.);

166 2572 277 2621 „Sed
308 2585 346 2614 et
373 2574 408 2614 si
437 2574 481 2614 iu
513 2574 685 2615 ecclesia
717 2579 825 2628 per“
858 2585 933 2614 etc.

281 2641 326 2697 5)
359 2644 509 2684 Jacob.
540 2644 592 2693 II,
622 2645 689 2687 26.
805 2642 850 2697 6)
884 2644 982 2686 Luc.
1012 2645 1110 2694 ΧΠ,
1138 2646 1204 2688 46.

286 2711 329 2767 ⁷)
362 2713 486 2755 Rom.
517 2713 570 2763 Il,
597 2715 664 2756 26.
693 2715 760 2756 ⁶27.

284 2781 329 2834 Β)
359 2782 663 2824 Desiderantur
693 2785 843 2824 verba:
884 2784 973 2836 „de
1015 2783 1196 2829 carnali,
1237 2800 1348 2823 nunc
1391 2800 1488 2824 vero
1530 2784 1578 2823 dc

170 2836 413 2892 spirituali,“
444 2839 488 2880 in
520 2851 640 2881 antea
669 2840 787 2881 editis
816 2840 876 2894 (V.
909 2856 941 2880 c.
971 2839 1012 2880 iu
1037 2840 1132 2881 cdd.
1158 2839 1253 2894 M.)
1286 2838 1332 2879 R,
