<?xml version="1.0" encoding="UTF-8"?>
<!DOCTYPE html PUBLIC "-//W3C//DTD XHTML 1.0 Transitional//EN"
    "http://www.w3.org/TR/xhtml1/DTD/xhtml1-transitional.dtd">
<html xmlns="http://www.w3.org/1999/xhtml" xml:lang="en" lang="en">
 <head>
  <title>
</title>
<meta http-equiv="Content-Type" content="text/html;charset=utf-8" />
  <meta name='ocr-system' content='tesseract 3.04.00' />
  <meta name='ocr-capabilities' content='ocr_page ocr_carea ocr_par ocr_line ocrx_word'/>
</head>
<body>
  <div class='ocr_page' id='page_1' title='image "./operaomniaquaegr06orig/operaomniaquaegr06orig_0244.png"; bbox 0 0 1788 3111; ppageno 0'>
   <div class='ocr_carea' id='block_1_1' title="bbox 207 133 1305 194">
    <p class='ocr_par' dir='ltr' id='par_1_1' title="bbox 207 133 1305 194">
     <span class='ocr_line' id='line_1_1' title="bbox 207 133 1305 194; baseline -0.005 0"><span class='ocrx_word' id='word_1_1' title='bbox 207 149 294 194; x_wconf 78' lang='lat'><strong>232</strong></span> <span class='ocrx_word' id='word_1_2' title='bbox 546 146 770 190; x_wconf 73' lang='lat' dir='ltr'><strong>Offlflnms</strong></span> <span class='ocrx_word' id='word_1_3' title='bbox 798 159 847 190; x_wconf 78' lang='lat' dir='ltr'><strong>m</strong></span> <span class='ocrx_word' id='word_1_4' title='bbox 875 145 955 189; x_wconf 84' lang='grc' dir='ltr'><strong>ΕΡ.</strong></span> <span class='ocrx_word' id='word_1_5' title='bbox 983 153 1045 188; x_wconf 78' lang='lat' dir='ltr'><strong>An</strong></span> <span class='ocrx_word' id='word_1_6' title='bbox 1077 133 1305 190; x_wconf 69' lang='lat' dir='ltr'><strong>Bommos</strong></span> 
     </span>
    </p>
   </div>
   <div class='ocr_carea' id='block_1_2' title="bbox 209 257 1654 2096">
    <p class='ocr_par' dir='ltr' id='par_1_2' title="bbox 209 257 1654 2096">
     <span class='ocr_line' id='line_1_2' title="bbox 213 257 1639 319; baseline -0.003 -13"><span class='ocrx_word' id='word_1_7' title='bbox 213 263 324 306; x_wconf 88' lang='lat' dir='ltr'><strong>Cum</strong></span> <span class='ocrx_word' id='word_1_8' title='bbox 355 260 607 319; x_wconf 88' lang='lat' dir='ltr'><strong>superius¹)</strong></span> <span class='ocrx_word' id='word_1_9' title='bbox 657 262 762 303; x_wconf 79' lang='lat' dir='ltr'><strong>duas</strong></span> <span class='ocrx_word' id='word_1_10' title='bbox 801 257 1078 317; x_wconf 82' lang='lat' dir='ltr'><strong>proposuerit</strong></span> <span class='ocrx_word' id='word_1_11' title='bbox 1106 258 1238 310; x_wconf 79' lang='lat' dir='ltr'><strong>leges,</strong></span> <span class='ocrx_word' id='word_1_12' title='bbox 1285 275 1479 315; x_wconf 81' lang='lat' dir='ltr'><strong>quarum·</strong></span> <span class='ocrx_word' id='word_1_13' title='bbox 1505 277 1639 302; x_wconf 86' lang='lat' dir='ltr'><strong>unam</strong></span> 
     </span>
     <span class='ocr_line' id='line_1_3' title="bbox 212 337 1641 397; baseline -0.002 -15"><span class='ocrx_word' id='word_1_14' title='bbox 212 357 409 397; x_wconf 87' lang='lat' dir='ltr'><strong>operum,</strong></span> <span class='ocrx_word' id='word_1_15' title='bbox 439 338 566 381; x_wconf 83' lang='lat' dir='ltr'><strong>aliam</strong></span> <span class='ocrx_word' id='word_1_16' title='bbox 594 340 696 381; x_wconf 75' lang='lat' dir='ltr'><strong>fidei</strong></span> <span class='ocrx_word' id='word_1_17' title='bbox 724 337 974 387; x_wconf 85' lang='lat' dir='ltr'><strong>nominavit,</strong></span> <span class='ocrx_word' id='word_1_18' title='bbox 1003 352 1080 392; x_wconf 86' lang='lat' dir='ltr'><strong>per</strong></span> <span class='ocrx_word' id='word_1_19' title='bbox 1114 353 1242 392; x_wconf 88' lang='lat' dir='ltr'><strong>quam</strong></span> <span class='ocrx_word' id='word_1_20' title='bbox 1272 337 1408 388; x_wconf 83' lang='lat' dir='ltr'><strong>legem</strong></span> <span class='ocrx_word' id='word_1_21' title='bbox 1437 338 1539 379; x_wconf 84' lang='lat' dir='ltr'><strong>fidei</strong></span> <span class='ocrx_word' id='word_1_22' title='bbox 1571 355 1641 379; x_wconf 78' lang='lat' dir='ltr'><strong>ex-</strong></span> 
     </span>
     <span class='ocr_line' id='line_1_4' title="bbox 211 413 1642 471; baseline -0.001 -12"><span class='ocrx_word' id='word_1_23' title='bbox 211 418 329 460; x_wconf 86' lang='lat' dir='ltr'><strong>cludi</strong></span> <span class='ocrx_word' id='word_1_24' title='bbox 358 417 655 471; x_wconf 77' lang='lat' dir='ltr'><strong>gloriationem</strong></span> <span class='ocrx_word' id='word_1_25' title='bbox 687 416 790 459; x_wconf 87' lang='lat' dir='ltr'><strong>dicit</strong></span> <span class='ocrx_word' id='word_1_26' title='bbox 819 431 984 465; x_wconf 88' lang='lat' dir='ltr'><strong>eorum,</strong></span> <span class='ocrx_word' id='word_1_27' title='bbox 1016 414 1089 470; x_wconf 88' lang='lat' dir='ltr'><strong>qui</strong></span> <span class='ocrx_word' id='word_1_28' title='bbox 1114 414 1157 454; x_wconf 89' lang='lat' dir='ltr'><strong>in</strong></span> <span class='ocrx_word' id='word_1_29' title='bbox 1188 413 1290 465; x_wconf 82' lang='lat' dir='ltr'><strong>legis</strong></span> <span class='ocrx_word' id='word_1_30' title='bbox 1319 414 1520 469; x_wconf 83' lang='lat' dir='ltr'>operibus</span> <span class='ocrx_word' id='word_1_31' title='bbox 1550 417 1642 467; x_wconf 89' lang='lat' dir='ltr'><strong>glo-</strong></span> 
     </span>
     <span class='ocr_line' id='line_1_5' title="bbox 209 490 1642 551; baseline -0.003 -13"><span class='ocrx_word' id='word_1_32' title='bbox 209 496 397 547; x_wconf 82' lang='lat' dir='ltr'><strong>riantur3</strong></span> <span class='ocrx_word' id='word_1_33' title='bbox 433 507 472 536; x_wconf 92' lang='lat' dir='ltr'><strong>et</strong></span> <span class='ocrx_word' id='word_1_34' title='bbox 509 493 850 551; x_wconf 76' lang='lat' dir='ltr'><strong>pronuntiaverit</strong></span> <span class='ocrx_word' id='word_1_35' title='bbox 887 494 974 534; x_wconf 86' lang='lat' dir='ltr'><strong>fide</strong></span> <span class='ocrx_word' id='word_1_36' title='bbox 1008 490 1226 550; x_wconf 82' lang='lat' dir='ltr'><strong>justificari</strong></span> <span class='ocrx_word' id='word_1_37' title='bbox 1266 491 1510 542; x_wconf 89' lang='lat' dir='ltr'><strong>hominem,</strong></span> <span class='ocrx_word' id='word_1_38' title='bbox 1551 493 1642 534; x_wconf 88' lang='lat' dir='ltr'><strong>sine</strong></span> 
     </span>
     <span class='ocr_line' id='line_1_6' title="bbox 213 568 1643 630; baseline -0.003 -15"><span class='ocrx_word' id='word_1_39' title='bbox 213 573 416 630; x_wconf 87' lang='lat' dir='ltr'><strong>operibus</strong></span> <span class='ocrx_word' id='word_1_40' title='bbox 444 573 567 624; x_wconf 82' lang='lat' dir='ltr'><strong>legis:</strong></span> <span class='ocrx_word' id='word_1_41' title='bbox 600 582 909 628; x_wconf 79' lang='lat' dir='ltr'><strong>consequenter</strong></span> <span class='ocrx_word' id='word_1_42' title='bbox 936 586 1077 622; x_wconf 80' lang='lat' dir='ltr'><strong>nune,</strong></span> <span class='ocrx_word' id='word_1_43' title='bbox 1116 580 1164 610; x_wconf 89' lang='lat' dir='ltr'><strong>ut</strong></span> <span class='ocrx_word' id='word_1_44' title='bbox 1192 569 1298 610; x_wconf 86' lang='lat' dir='ltr'><strong>haec</strong></span> <span class='ocrx_word' id='word_1_45' title='bbox 1329 571 1382 610; x_wconf 86' lang='lat' dir='ltr'><strong>de</strong></span> <span class='ocrx_word' id='word_1_46' title='bbox 1413 568 1643 624; x_wconf 86' lang='lat' dir='ltr'><strong>Scripturis</strong></span> 
     </span>
     <span class='ocr_line' id='line_1_7' title="bbox 211 645 1643 704; baseline -0.005 -11"><span class='ocrx_word' id='word_1_47' title='bbox 211 662 462 700; x_wconf 80' lang='lat' dir='ltr'><strong>asserantur,</strong></span> <span class='ocrx_word' id='word_1_48' title='bbox 493 648 728 691; x_wconf 84' lang='lat' dir='ltr'><strong>Abrahami</strong></span> <span class='ocrx_word' id='word_1_49' title='bbox 757 646 962 704; x_wconf 83' lang='lat' dir='ltr'><strong>producit</strong></span> <span class='ocrx_word' id='word_1_50' title='bbox 984 647 1238 702; x_wconf 80' lang='lat' dir='ltr'><strong>exemplum,</strong></span> <span class='ocrx_word' id='word_1_51' title='bbox 1268 659 1307 688; x_wconf 81' lang='lat' dir='ltr'><strong>et</strong></span> <span class='ocrx_word' id='word_1_52' title='bbox 1337 645 1511 702; x_wconf 80' lang='lat' dir='ltr'><strong>dicit,²)</strong></span> <span class='ocrx_word' id='word_1_53' title='bbox 1543 645 1643 701; x_wconf 82' lang='lat' dir='ltr'><strong>quia</strong></span> 
     </span>
     <span class='ocr_line' id='line_1_8' title="bbox 212 722 1643 781; baseline -0.005 -12"><span class='ocrx_word' id='word_1_54' title='bbox 212 728 472 778; x_wconf 57' lang='lat' dir='ltr'><strong>„Abraham</strong></span> <span class='ocrx_word' id='word_1_55' title='bbox 506 726 539 768; x_wconf 80' lang='lat' dir='ltr'><strong>si</strong></span> <span class='ocrx_word' id='word_1_56' title='bbox 571 743 617 767; x_wconf 85' lang='lat' dir='ltr'><strong>ex</strong></span> <span class='ocrx_word' id='word_1_57' title='bbox 641 724 844 781; x_wconf 79' lang='lat' dir='ltr'><strong>operibus</strong></span> <span class='ocrx_word' id='word_1_58' title='bbox 865 723 1113 781; x_wconf 81' lang='lat' dir='ltr'><strong>justificatus</strong></span> <span class='ocrx_word' id='word_1_59' title='bbox 1136 735 1205 773; x_wconf 81' lang='lat' dir='ltr'><strong>est,</strong></span> <span class='ocrx_word' id='word_1_60' title='bbox 1234 725 1362 765; x_wconf 87' lang='lat' dir='ltr'><strong>habet</strong></span> <span class='ocrx_word' id='word_1_61' title='bbox 1392 722 1643 778; x_wconf 82' lang='lat' dir='ltr'><strong>gloriam,³)</strong></span> 
     </span>
     <span class='ocr_line' id='line_1_9' title="bbox 211 799 1645 860; baseline -0.006 -12"><span class='ocrx_word' id='word_1_62' title='bbox 211 808 286 849; x_wconf 82' lang='lat' dir='ltr'><strong>sed</strong></span> <span class='ocrx_word' id='word_1_63' title='bbox 315 823 409 847; x_wconf 87' lang='lat' dir='ltr'><strong>non</strong></span> <span class='ocrx_word' id='word_1_64' title='bbox 440 805 556 860; x_wconf 89' lang='lat' dir='ltr'><strong>apud</strong></span> <span class='ocrx_word' id='word_1_65' title='bbox 584 804 773 844; x_wconf 62' lang='lat' dir='ltr'><strong>›Deumf‘</strong></span> <span class='ocrx_word' id='word_1_66' title='bbox 819 800 952 855; x_wconf 80' lang='lat' dir='ltr'><strong>Quod</strong></span> <span class='ocrx_word' id='word_1_67' title='bbox 985 800 1160 857; x_wconf 88' lang='lat' dir='ltr'><strong>quidem</strong></span> <span class='ocrx_word' id='word_1_68' title='bbox 1191 819 1281 843; x_wconf 88' lang='lat' dir='ltr'><strong>non</strong></span> <span class='ocrx_word' id='word_1_69' title='bbox 1312 800 1402 842; x_wconf 88' lang='lat' dir='ltr'><strong>sine</strong></span> <span class='ocrx_word' id='word_1_70' title='bbox 1433 810 1521 841; x_wconf 86' lang='lat' dir='ltr'><strong>arte</strong></span> <span class='ocrx_word' id='word_1_71' title='bbox 1552 799 1645 841; x_wconf 79' lang='lat' dir='ltr'><strong>dia-</strong></span> 
     </span>
     <span class='ocr_line' id='line_1_10' title="bbox 210 877 1646 934; baseline -0.006 -9"><span class='ocrx_word' id='word_1_72' title='bbox 210 884 360 925; x_wconf 79' lang='lat' dir='ltr'><strong>lectica</strong></span> <span class='ocrx_word' id='word_1_73' title='bbox 392 881 565 924; x_wconf 83' lang='lat' dir='ltr'><strong>disserit.</strong></span> <span class='ocrx_word' id='word_1_74' title='bbox 621 880 734 920; x_wconf 86' lang='lat' dir='ltr'><strong>Nam</strong></span> <span class='ocrx_word' id='word_1_75' title='bbox 750 877 795 934; x_wconf 75' lang='lat'><strong>⁴)</strong></span> <span class='ocrx_word' id='word_1_76' title='bbox 822 878 856 920; x_wconf 87' lang='lat' dir='ltr'><strong>si</strong></span> <span class='ocrx_word' id='word_1_77' title='bbox 886 877 933 928; x_wconf 85' lang='lat' dir='ltr'><strong>is,</strong></span> <span class='ocrx_word' id='word_1_78' title='bbox 965 878 1038 934; x_wconf 88' lang='lat' dir='ltr'><strong>qui</strong></span> <span class='ocrx_word' id='word_1_79' title='bbox 1070 895 1116 919; x_wconf 86' lang='lat' dir='ltr'><strong>ex</strong></span> <span class='ocrx_word' id='word_1_80' title='bbox 1149 879 1350 934; x_wconf 86' lang='lat' dir='ltr'><strong>operibus</strong></span> <span class='ocrx_word' id='word_1_81' title='bbox 1381 877 1646 934; x_wconf 85' lang='lat' dir='ltr'><strong>justificatur,</strong></span> 
     </span>
     <span class='ocr_line' id='line_1_11' title="bbox 210 956 1646 1013; baseline -0.006 -10"><span class='ocrx_word' id='word_1_82' title='bbox 210 978 302 1004; x_wconf 85' lang='lat' dir='ltr'><strong>non</strong></span> <span class='ocrx_word' id='word_1_83' title='bbox 334 962 462 1002; x_wconf 85' lang='lat' dir='ltr'><strong>habet</strong></span> <span class='ocrx_word' id='word_1_84' title='bbox 491 958 671 1011; x_wconf 84' lang='lat' dir='ltr'><strong>gloriam</strong></span> <span class='ocrx_word' id='word_1_85' title='bbox 703 958 818 1013; x_wconf 89' lang='lat' dir='ltr'><strong>apud</strong></span> <span class='ocrx_word' id='word_1_86' title='bbox 847 956 1014 1006; x_wconf 84' lang='lat' dir='ltr'><strong>Deum,</strong></span> <span class='ocrx_word' id='word_1_87' title='bbox 1057 956 1278 996; x_wconf 86' lang='lat' dir='ltr'><strong>Abraham</strong></span> <span class='ocrx_word' id='word_1_88' title='bbox 1310 967 1449 996; x_wconf 87' lang='lat' dir='ltr'><strong>autem</strong></span> <span class='ocrx_word' id='word_1_89' title='bbox 1482 965 1646 996; x_wconf 84' lang='lat' dir='ltr'><strong>constat</strong></span> 
     </span>
     <span class='ocr_line' id='line_1_12' title="bbox 212 1031 1646 1091; baseline -0.006 -11"><span class='ocrx_word' id='word_1_90' title='bbox 212 1040 373 1081; x_wconf 74' lang='lat' dir='ltr'><strong>habere</strong></span> <span class='ocrx_word' id='word_1_91' title='bbox 404 1036 584 1089; x_wconf 80' lang='lat' dir='ltr'><strong>gloriam</strong></span> <span class='ocrx_word' id='word_1_92' title='bbox 616 1036 731 1091; x_wconf 89' lang='lat' dir='ltr'><strong>apud</strong></span> <span class='ocrx_word' id='word_1_93' title='bbox 760 1034 926 1083; x_wconf 72' lang='lat' dir='ltr'><strong>Deum,</strong></span> <span class='ocrx_word' id='word_1_94' title='bbox 979 1048 1077 1085; x_wconf 82' lang='lat' dir='ltr'><strong>ergo</strong></span> <span class='ocrx_word' id='word_1_95' title='bbox 1109 1050 1201 1074; x_wconf 90' lang='lat' dir='ltr'><strong>non</strong></span> <span class='ocrx_word' id='word_1_96' title='bbox 1233 1049 1279 1073; x_wconf 81' lang='lat' dir='ltr'><strong>ex</strong></span> <span class='ocrx_word' id='word_1_97' title='bbox 1311 1031 1541 1087; x_wconf 85' lang='lat' dir='ltr'><strong>operibus,</strong></span> <span class='ocrx_word' id='word_1_98' title='bbox 1570 1032 1646 1072; x_wconf 87' lang='lat' dir='ltr'><strong>sed</strong></span> 
     </span>
     <span class='ocr_line' id='line_1_13' title="bbox 213 1107 1645 1172; baseline -0.006 -15"><span class='ocrx_word' id='word_1_99' title='bbox 213 1133 260 1158; x_wconf 80' lang='lat' dir='ltr'><strong>ex</strong></span> <span class='ocrx_word' id='word_1_100' title='bbox 297 1115 384 1157; x_wconf 81' lang='lat' dir='ltr'><strong>fide</strong></span> <span class='ocrx_word' id='word_1_101' title='bbox 420 1114 665 1172; x_wconf 83' lang='lat' dir='ltr'><strong>justificatus</strong></span> <span class='ocrx_word' id='word_1_102' title='bbox 704 1123 763 1153; x_wconf 88' lang='lat' dir='ltr'><strong>est</strong></span> <span class='ocrx_word' id='word_1_103' title='bbox 798 1111 1039 1159; x_wconf 75' lang='lat' dir='ltr'><strong>Abraham,</strong></span> <span class='ocrx_word' id='word_1_104' title='bbox 1076 1122 1123 1151; x_wconf 93' lang='lat' dir='ltr'><strong>ut</strong></span> <span class='ocrx_word' id='word_1_105' title='bbox 1161 1109 1397 1151; x_wconf 84' lang='lat' dir='ltr'><strong>necessario</strong></span> <span class='ocrx_word' id='word_1_106' title='bbox 1430 1107 1645 1163; x_wconf 81' lang='lat' dir='ltr'><strong>habeat⁵)</strong></span> 
     </span>
     <span class='ocr_line' id='line_1_14' title="bbox 211 1185 1646 1247; baseline -0.007 -12"><span class='ocrx_word' id='word_1_107' title='bbox 211 1192 391 1247; x_wconf 80' lang='lat' dir='ltr'><strong>gloriam</strong></span> <span class='ocrx_word' id='word_1_108' title='bbox 435 1192 551 1247; x_wconf 84' lang='lat' dir='ltr'><strong>apud</strong></span> <span class='ocrx_word' id='word_1_109' title='bbox 594 1190 751 1230; x_wconf 89' lang='lat' dir='ltr'><strong>Deum.</strong></span> <span class='ocrx_word' id='word_1_110' title='bbox 835 1188 907 1229; x_wconf 87' lang='lat' dir='ltr'><strong>Sic</strong></span> <span class='ocrx_word' id='word_1_111' title='bbox 959 1188 1071 1228; x_wconf 84' lang='lat' dir='ltr'><strong>enirn</strong></span> <span class='ocrx_word' id='word_1_112' title='bbox 1114 1187 1336 1243; x_wconf 76' lang='lat' dir='ltr'><strong>Scriptura</strong></span> <span class='ocrx_word' id='word_1_113' title='bbox 1371 1185 1646 1241; x_wconf 78' lang='lat' dir='ltr'><strong>pronuntiat:</strong></span> 
     </span>
     <span class='ocr_line' id='line_1_15' title="bbox 213 1261 1648 1328; baseline -0.008 -15"><span class='ocrx_word' id='word_1_114' title='bbox 213 1270 372 1328; x_wconf 63' lang='lat' dir='ltr'><strong>quiass)</strong></span> <span class='ocrx_word' id='word_1_115' title='bbox 401 1268 610 1319; x_wconf 83' lang='lat' dir='ltr'><strong>„credidit</strong></span> <span class='ocrx_word' id='word_1_116' title='bbox 640 1264 858 1306; x_wconf 88' lang='lat' dir='ltr'><strong>Abraham</strong></span> <span class='ocrx_word' id='word_1_117' title='bbox 895 1264 1016 1313; x_wconf 92' lang='lat' dir='ltr'><strong>Deo,</strong></span> <span class='ocrx_word' id='word_1_118' title='bbox 1059 1275 1098 1304; x_wconf 88' lang='lat' dir='ltr'><strong>et</strong></span> <span class='ocrx_word' id='word_1_119' title='bbox 1135 1274 1377 1318; x_wconf 82' lang='lat' dir='ltr'><strong>reputatum</strong></span> <span class='ocrx_word' id='word_1_120' title='bbox 1411 1273 1470 1303; x_wconf 89' lang='lat' dir='ltr'><strong>est</strong></span> <span class='ocrx_word' id='word_1_121' title='bbox 1498 1261 1560 1303; x_wconf 87' lang='lat' dir='ltr'><strong>illi</strong></span> <span class='ocrx_word' id='word_1_122' title='bbox 1592 1262 1648 1303; x_wconf 83' lang='lat' dir='ltr'><strong>ad</strong></span> 
     </span>
     <span class='ocr_line' id='line_1_16' title="bbox 210 1339 1648 1408; baseline -0.008 -18"><span class='ocrx_word' id='word_1_123' title='bbox 210 1347 451 1408; x_wconf 64' lang='lat' dir='ltr'><strong>jusffliamf‘</strong></span> <span class='ocrx_word' id='word_1_124' title='bbox 514 1345 648 1399; x_wconf 83' lang='lat' dir='ltr'><strong>Quod</strong></span> <span class='ocrx_word' id='word_1_125' title='bbox 679 1342 714 1384; x_wconf 90' lang='lat' dir='ltr'><strong>si</strong></span> <span class='ocrx_word' id='word_1_126' title='bbox 743 1342 863 1384; x_wconf 91' lang='lat' dir='ltr'><strong>Deus</strong></span> <span class='ocrx_word' id='word_1_127' title='bbox 892 1340 1104 1397; x_wconf 77' lang='lat' dir='ltr'><strong>reputavit</strong></span> <span class='ocrx_word' id='word_1_128' title='bbox 1137 1340 1199 1382; x_wconf 82' lang='lat' dir='ltr'><strong>illi</strong></span> <span class='ocrx_word' id='word_1_129' title='bbox 1230 1341 1284 1382; x_wconf 89' lang='lat' dir='ltr'><strong>ad</strong></span> <span class='ocrx_word' id='word_1_130' title='bbox 1314 1339 1528 1398; x_wconf 84' lang='lat' dir='ltr'><strong>justitiam,</strong></span> <span class='ocrx_word' id='word_1_131' title='bbox 1556 1339 1648 1380; x_wconf 85' lang='lat' dir='ltr'><strong>sine</strong></span> 
     </span>
     <span class='ocr_line' id='line_1_17' title="bbox 213 1417 1645 1478; baseline -0.007 -11"><span class='ocrx_word' id='word_1_132' title='bbox 213 1425 349 1467; x_wconf 88' lang='lat' dir='ltr'><strong>dubio</strong></span> <span class='ocrx_word' id='word_1_133' title='bbox 392 1435 431 1465; x_wconf 92' lang='lat' dir='ltr'><strong>et</strong></span> <span class='ocrx_word' id='word_1_134' title='bbox 472 1422 603 1475; x_wconf 80' lang='lat' dir='ltr'><strong>gloria</strong></span> <span class='ocrx_word' id='word_1_135' title='bbox 661 1419 748 1478; x_wconf 88' lang='lat' dir='ltr'><strong>ejus</strong></span> <span class='ocrx_word' id='word_1_136' title='bbox 790 1421 906 1476; x_wconf 83' lang='lat' dir='ltr'><strong>apud</strong></span> <span class='ocrx_word' id='word_1_137' title='bbox 948 1419 1092 1459; x_wconf 79' lang='lat' dir='ltr'><strong>Deum</strong></span> <span class='ocrx_word' id='word_1_138' title='bbox 1131 1429 1200 1460; x_wconf 85' lang='lat' dir='ltr'><strong>est.</strong></span> <span class='ocrx_word' id='word_1_139' title='bbox 1268 1417 1504 1473; x_wconf 87' lang='lat' dir='ltr'><strong>Propterea</strong></span> <span class='ocrx_word' id='word_1_140' title='bbox 1545 1431 1645 1468; x_wconf 82' lang='lat' dir='ltr'><strong>ergo</strong></span> 
     </span>
     <span class='ocr_line' id='line_1_18' title="bbox 211 1493 1648 1559; baseline -0.008 -14"><span class='ocrx_word' id='word_1_141' title='bbox 211 1503 447 1559; x_wconf 79' lang='lat' dir='ltr'><strong>Apostolus</strong></span> <span class='ocrx_word' id='word_1_142' title='bbox 477 1498 722 1541; x_wconf 80' lang='lat' dir='ltr'><strong>testimonio</strong></span> <span class='ocrx_word' id='word_1_143' title='bbox 755 1495 869 1546; x_wconf 87' lang='lat' dir='ltr'><strong>huic,</strong></span> <span class='ocrx_word' id='word_1_144' title='bbox 901 1498 1020 1552; x_wconf 86' lang='lat' dir='ltr'><strong>quod</strong></span> <span class='ocrx_word' id='word_1_145' title='bbox 1052 1495 1242 1537; x_wconf 74' lang='lat' dir='ltr'><strong>assumsit</strong></span> <span class='ocrx_word' id='word_1_146' title='bbox 1284 1512 1331 1536; x_wconf 85' lang='lat' dir='ltr'><strong>ex</strong></span> <span class='ocrx_word' id='word_1_147' title='bbox 1359 1495 1473 1536; x_wconf 87' lang='lat' dir='ltr'><strong>libro</strong></span> <span class='ocrx_word' id='word_1_148' title='bbox 1507 1493 1648 1535; x_wconf 82' lang='lat' dir='ltr'><strong>Gene-</strong></span> 
     </span>
     <span class='ocr_line' id='line_1_19' title="bbox 212 1571 1648 1636; baseline -0.008 -13"><span class='ocrx_word' id='word_1_149' title='bbox 212 1581 279 1630; x_wconf 82' lang='lat' dir='ltr'><strong>sis,</strong></span> <span class='ocrx_word' id='word_1_150' title='bbox 301 1578 493 1636; x_wconf 80' lang='lat' dir='ltr'><strong>adjungit</strong></span> <span class='ocrx_word' id='word_1_151' title='bbox 524 1589 562 1618; x_wconf 89' lang='lat' dir='ltr'><strong>et</strong></span> <span class='ocrx_word' id='word_1_152' title='bbox 578 1577 621 1631; x_wconf 85' lang='lat'><strong>⁷)</strong></span> <span class='ocrx_word' id='word_1_153' title='bbox 656 1591 898 1617; x_wconf 88' lang='lat' dir='ltr'><strong>sermonem</strong></span> <span class='ocrx_word' id='word_1_154' title='bbox 921 1574 1163 1631; x_wconf 87' lang='lat' dir='ltr'><strong>proprium,</strong></span> <span class='ocrx_word' id='word_1_155' title='bbox 1196 1585 1235 1614; x_wconf 90' lang='lat' dir='ltr'><strong>et</strong></span> <span class='ocrx_word' id='word_1_156' title='bbox 1256 1573 1370 1623; x_wconf 77' lang='lat' dir='ltr'><strong>dicit,</strong></span> <span class='ocrx_word' id='word_1_157' title='bbox 1393 1572 1491 1628; x_wconf 85' lang='lat' dir='ltr'><strong>quia</strong></span> <span class='ocrx_word' id='word_1_158' title='bbox 1508 1571 1583 1622; x_wconf 81' lang='lat' dir='ltr'><strong>‚‚ei‚</strong></span> <span class='ocrx_word' id='word_1_159' title='bbox 1601 1571 1648 1625; x_wconf 73' lang='lat'><strong>8)</strong></span> 
     </span>
     <span class='ocr_line' id='line_1_20' title="bbox 214 1649 1649 1713; baseline -0.006 -15"><span class='ocrx_word' id='word_1_160' title='bbox 214 1658 288 1713; x_wconf 87' lang='lat' dir='ltr'><strong>qui</strong></span> <span class='ocrx_word' id='word_1_161' title='bbox 310 1667 524 1712; x_wconf 78' lang='lat' dir='ltr'><strong>operatur,</strong></span> <span class='ocrx_word' id='word_1_162' title='bbox 554 1670 715 1695; x_wconf 83' lang='lat' dir='ltr'><strong>merces</strong></span> <span class='ocrx_word' id='word_1_163' title='bbox 730 1669 821 1694; x_wconf 88' lang='lat' dir='ltr'><strong>non</strong></span> <span class='ocrx_word' id='word_1_164' title='bbox 843 1651 1079 1706; x_wconf 74' lang='lat' dir='ltr'><strong>imputatur</strong></span> <span class='ocrx_word' id='word_1_165' title='bbox 1096 1653 1332 1692; x_wconf 79' lang='lat' dir='ltr'><strong>secundum</strong></span> <span class='ocrx_word' id='word_1_166' title='bbox 1355 1649 1545 1701; x_wconf 84' lang='lat' dir='ltr'><strong>gratiam,</strong></span> <span class='ocrx_word' id='word_1_167' title='bbox 1573 1649 1649 1690; x_wconf 87' lang='lat' dir='ltr'><strong>sed</strong></span> 
     </span>
     <span class='ocr_line' id='line_1_21' title="bbox 212 1725 1651 1783; baseline -0.008 -6"><span class='ocrx_word' id='word_1_168' title='bbox 212 1735 449 1778; x_wconf 82' lang='lat' dir='ltr'><strong>secundum</strong></span> <span class='ocrx_word' id='word_1_169' title='bbox 483 1732 697 1772; x_wconf 81' lang='lat' dir='ltr'><strong>debitum:</strong></span> <span class='ocrx_word' id='word_1_170' title='bbox 729 1729 766 1770; x_wconf 88' lang='lat' dir='ltr'><strong>ei</strong></span> <span class='ocrx_word' id='word_1_171' title='bbox 793 1745 910 1777; x_wconf 82' lang='lat' dir='ltr'><strong>vero,</strong></span> <span class='ocrx_word' id='word_1_172' title='bbox 940 1728 1012 1783; x_wconf 85' lang='lat' dir='ltr'><strong>qui</strong></span> <span class='ocrx_word' id='word_1_173' title='bbox 1042 1744 1131 1768; x_wconf 89' lang='lat' dir='ltr'><strong>non</strong></span> <span class='ocrx_word' id='word_1_174' title='bbox 1161 1738 1377 1782; x_wconf 87' lang='lat' dir='ltr'><strong>operatur,</strong></span> <span class='ocrx_word' id='word_1_175' title='bbox 1411 1725 1543 1767; x_wconf 82' lang='lat' dir='ltr'><strong>credit</strong></span> <span class='ocrx_word' id='word_1_176' title='bbox 1574 1743 1651 1767; x_wconf 86' lang='lat' dir='ltr'><strong>au-</strong></span> 
     </span>
     <span class='ocr_line' id='line_1_22' title="bbox 212 1800 1649 1865; baseline -0.006 -12"><span class='ocrx_word' id='word_1_177' title='bbox 212 1823 300 1853; x_wconf 85' lang='lat' dir='ltr'><strong>tem</strong></span> <span class='ocrx_word' id='word_1_178' title='bbox 330 1811 374 1851; x_wconf 84' lang='lat' dir='ltr'><strong>in</strong></span> <span class='ocrx_word' id='word_1_179' title='bbox 406 1827 526 1858; x_wconf 87' lang='lat' dir='ltr'><strong>eum,</strong></span> <span class='ocrx_word' id='word_1_180' title='bbox 567 1807 640 1864; x_wconf 89' lang='lat' dir='ltr'><strong>qui</strong></span> <span class='ocrx_word' id='word_1_181' title='bbox 677 1805 876 1865; x_wconf 82' lang='lat' dir='ltr'><strong>justificat</strong></span> <span class='ocrx_word' id='word_1_182' title='bbox 919 1804 1122 1860; x_wconf 85' lang='lat' dir='ltr'><strong>impium,</strong></span> <span class='ocrx_word' id='word_1_183' title='bbox 1164 1814 1385 1859; x_wconf 83' lang='lat' dir='ltr'><strong>reputatur</strong></span> <span class='ocrx_word' id='word_1_184' title='bbox 1424 1805 1529 1844; x_wconf 81' lang='lat' dir='ltr'><strong>fides</strong></span> <span class='ocrx_word' id='word_1_185' title='bbox 1560 1800 1649 1859; x_wconf 83' lang='lat' dir='ltr'><strong>ejus</strong></span> 
     </span>
     <span class='ocr_line' id='line_1_23' title="bbox 215 1881 1654 1945; baseline -0.007 -14"><span class='ocrx_word' id='word_1_186' title='bbox 215 1891 271 1931; x_wconf 87' lang='lat' dir='ltr'><strong>ad</strong></span> <span class='ocrx_word' id='word_1_187' title='bbox 301 1888 542 1945; x_wconf 83' lang='lat' dir='ltr'><strong>justitiam.“</strong></span> <span class='ocrx_word' id='word_1_188' title='bbox 603 1883 687 1925; x_wconf 90' lang='lat' dir='ltr'><strong>Per</strong></span> <span class='ocrx_word' id='word_1_189' title='bbox 729 1898 904 1924; x_wconf 82' lang='lat' dir='ltr'><strong>omnem</strong></span> <span class='ocrx_word' id='word_1_190' title='bbox 944 1881 1087 1936; x_wconf 84' lang='lat' dir='ltr'><strong>itaque</strong></span> <span class='ocrx_word' id='word_1_191' title='bbox 1127 1881 1243 1922; x_wconf 87' lang='lat' dir='ltr'><strong>hunc</strong></span> <span class='ocrx_word' id='word_1_192' title='bbox 1282 1882 1428 1922; x_wconf 85' lang='lat' dir='ltr'><strong>locum</strong></span> <span class='ocrx_word' id='word_1_193' title='bbox 1459 1882 1654 1936; x_wconf 80' lang='lat' dir='ltr'><strong>Aposto-</strong></span> 
     </span>
     <span class='ocr_line' id='line_1_24' title="bbox 213 1956 1650 2014; baseline -0.008 -6"><span class='ocrx_word' id='word_1_194' title='bbox 213 1968 279 2008; x_wconf 88' lang='lat' dir='ltr'><strong>lus</strong></span> <span class='ocrx_word' id='word_1_195' title='bbox 310 1966 394 2007; x_wconf 89' lang='lat' dir='ltr'><strong>hoc</strong></span> <span class='ocrx_word' id='word_1_196' title='bbox 432 1964 598 2005; x_wconf 79' lang='lat' dir='ltr'><strong>videtur</strong></span> <span class='ocrx_word' id='word_1_197' title='bbox 634 1961 875 2009; x_wconf 86' lang='lat' dir='ltr'><strong>ostendere,</strong></span> <span class='ocrx_word' id='word_1_198' title='bbox 917 1960 1036 2014; x_wconf 83' lang='lat' dir='ltr'><strong>quod</strong></span> <span class='ocrx_word' id='word_1_199' title='bbox 1080 1960 1190 2000; x_wconf 81' lang='lat' dir='ltr'><strong>duae</strong></span> <span class='ocrx_word' id='word_1_200' title='bbox 1230 1959 1442 2013; x_wconf 84' lang='lat' dir='ltr'><strong>quaedam</strong></span> <span class='ocrx_word' id='word_1_201' title='bbox 1471 1956 1555 1998; x_wconf 83' lang='lat' dir='ltr'><strong>sint</strong></span> <span class='ocrx_word' id='word_1_202' title='bbox 1582 1956 1650 2013; x_wconf 85' lang='lat' dir='ltr'><strong>ju-</strong></span> 
     </span>
     <span class='ocr_line' id='line_1_25' title="bbox 214 2033 1649 2096; baseline -0.008 -11"><span class='ocrx_word' id='word_1_203' title='bbox 214 2041 510 2092; x_wconf 78' lang='lat' dir='ltr'><strong>stificationes,</strong></span> <span class='ocrx_word' id='word_1_204' title='bbox 556 2055 738 2096; x_wconf 88' lang='lat' dir='ltr'><strong>quarum</strong></span> <span class='ocrx_word' id='word_1_205' title='bbox 781 2053 912 2078; x_wconf 85' lang='lat' dir='ltr'><strong>unam</strong></span> <span class='ocrx_word' id='word_1_206' title='bbox 945 2051 992 2076; x_wconf 85' lang='lat' dir='ltr'><strong>ex</strong></span> <span class='ocrx_word' id='word_1_207' title='bbox 1025 2035 1227 2092; x_wconf 84' lang='lat' dir='ltr'><strong>operibus</strong></span> <span class='ocrx_word' id='word_1_208' title='bbox 1257 2034 1477 2084; x_wconf 82' lang='lat' dir='ltr'><strong>nominat,</strong></span> <span class='ocrx_word' id='word_1_209' title='bbox 1522 2033 1649 2075; x_wconf 87' lang='lat' dir='ltr'><strong>aliam</strong></span> 
     </span>
    </p>
   </div>
   <div class='ocr_carea' id='block_1_3' title="bbox 214 2110 1651 2169">
    <p class='ocr_par' dir='ltr' id='par_1_3' title="bbox 214 2110 1651 2169">
     <span class='ocr_line' id='line_1_26' title="bbox 214 2110 1651 2169; baseline -0.006 -9"><span class='ocrx_word' id='word_1_210' title='bbox 214 2135 316 2161; x_wconf 88' lang='lat' dir='ltr'><strong>vero</strong></span> <span class='ocrx_word' id='word_1_211' title='bbox 362 2135 409 2158; x_wconf 82' lang='lat' dir='ltr'><strong>ex</strong></span> <span class='ocrx_word' id='word_1_212' title='bbox 446 2117 542 2158; x_wconf 80' lang='lat' dir='ltr'><strong>fide.</strong></span> <span class='ocrx_word' id='word_1_213' title='bbox 611 2115 668 2156; x_wconf 90' lang='lat' dir='ltr'><strong>Et</strong></span> <span class='ocrx_word' id='word_1_214' title='bbox 707 2113 824 2156; x_wconf 83' lang='lat' dir='ltr'><strong>illam</strong></span> <span class='ocrx_word' id='word_1_215' title='bbox 864 2112 1060 2169; x_wconf 88' lang='lat' dir='ltr'><strong>quidem,</strong></span> <span class='ocrx_word' id='word_1_216' title='bbox 1102 2128 1211 2169; x_wconf 84' lang='lat' dir='ltr'><strong>quae</strong></span> <span class='ocrx_word' id='word_1_217' title='bbox 1252 2127 1300 2153; x_wconf 82' lang='lat' dir='ltr'><strong>ex</strong></span> <span class='ocrx_word' id='word_1_218' title='bbox 1343 2110 1547 2168; x_wconf 89' lang='lat' dir='ltr'><strong>operibus</strong></span> <span class='ocrx_word' id='word_1_219' title='bbox 1580 2121 1651 2160; x_wconf 86' lang='lat' dir='ltr'><strong>est,</strong></span> 
     </span>
    </p>
   </div>
   <div class='ocr_carea' id='block_1_4' title="bbox 333 2289 838 2417">
    <p class='ocr_par' dir='ltr' id='par_1_4' title="bbox 333 2289 838 2417">
     <span class='ocr_line' id='line_1_27' title="bbox 335 2289 838 2348; baseline -0.008 -15"><span class='ocrx_word' id='word_1_220' title='bbox 335 2292 378 2348; x_wconf 88' lang='lat'><strong>¹)</strong></span> <span class='ocrx_word' id='word_1_221' title='bbox 410 2291 535 2333; x_wconf 85' lang='lat' dir='ltr'><strong>Rom.</strong></span> <span class='ocrx_word' id='word_1_222' title='bbox 566 2290 641 2341; x_wconf 74' lang='lat' dir='ltr'><strong>III,</strong></span> <span class='ocrx_word' id='word_1_223' title='bbox 669 2290 738 2333; x_wconf 78' lang='lat'><strong>27.</strong></span> <span class='ocrx_word' id='word_1_224' title='bbox 768 2289 838 2333; x_wconf 74' lang='lat'><strong>28.</strong></span> 
     </span>
     <span class='ocr_line' id='line_1_28' title="bbox 333 2360 701 2417; baseline -0.003 -15"><span class='ocrx_word' id='word_1_225' title='bbox 333 2363 379 2417; x_wconf 83' lang='lat'><strong>²)</strong></span> <span class='ocrx_word' id='word_1_226' title='bbox 410 2362 536 2403; x_wconf 86' lang='lat' dir='ltr'><strong>Rom.</strong></span> <span class='ocrx_word' id='word_1_227' title='bbox 562 2360 636 2413; x_wconf 89' lang='lat' dir='ltr'><strong>IV,</strong></span> <span class='ocrx_word' id='word_1_228' title='bbox 663 2362 701 2403; x_wconf 79' lang='lat'><strong>2.</strong></span> 
     </span>
    </p>
   </div>
   <div class='ocr_carea' id='block_1_5' title="bbox 218 2426 1652 2534">
    <p class='ocr_par' dir='ltr' id='par_1_5' title="bbox 218 2426 1652 2534">
     <span class='ocr_line' id='line_1_29' title="bbox 218 2426 1652 2534; baseline -0.008 -60"><span class='ocrx_word' id='word_1_229' title='bbox 218 2493 244 2534; x_wconf 76' lang='lat' dir='ltr'><strong>d</strong></span> <span class='ocrx_word' id='word_1_230' title='bbox 330 2433 529 2530; x_wconf 50' lang='lat' dir='ltr'><strong>{DREditi</strong></span> <span class='ocrx_word' id='word_1_231' title='bbox 569 2433 628 2488; x_wconf 79' lang='lat' dir='ltr'><strong>(v.</strong></span> <span class='ocrx_word' id='word_1_232' title='bbox 670 2448 705 2472; x_wconf 80' lang='lat' dir='ltr'><strong>c.</strong></span> <span class='ocrx_word' id='word_1_233' title='bbox 746 2431 841 2472; x_wconf 77' lang='lat' dir='ltr'><strong>edd.</strong></span> <span class='ocrx_word' id='word_1_234' title='bbox 872 2429 960 2485; x_wconf 87' lang='lat' dir='ltr'><strong>M.)</strong></span> <span class='ocrx_word' id='word_1_235' title='bbox 990 2442 1219 2484; x_wconf 85' lang='lat' dir='ltr'><strong>perperam</strong></span> <span class='ocrx_word' id='word_1_236' title='bbox 1250 2426 1431 2468; x_wconf 85' lang='lat' dir='ltr'><strong>habent:</strong></span> <span class='ocrx_word' id='word_1_237' title='bbox 1464 2439 1652 2474; x_wconf 84' lang='lat' dir='ltr'><strong>„merce-</strong></span> 
     </span>
     <span class='ocr_line' id='line_1_30' title="bbox 250 2508 435 2533; baseline -0.011 -1"><span class='ocrx_word' id='word_1_238' title='bbox 250 2508 326 2533; x_wconf 88' lang='lat' dir='ltr'><strong>em.</strong></span> <span class='ocrx_word' id='word_1_239' title='bbox 427 2521 435 2530; x_wconf 91' lang='lat'><strong>.</strong></span> 
     </span>
    </p>
   </div>
   <div class='ocr_carea' id='block_1_6' title="bbox 216 2551 1652 2668">
    <p class='ocr_par' dir='ltr' id='par_1_6' title="bbox 216 2551 1652 2668">
     <span class='ocr_line' id='line_1_31' title="bbox 334 2551 1652 2616; baseline -0.005 -17"><span class='ocrx_word' id='word_1_240' title='bbox 334 2559 380 2616; x_wconf 75' lang='lat'><strong>⁴)</strong></span> <span class='ocrx_word' id='word_1_241' title='bbox 410 2559 526 2601; x_wconf 80' lang='lat' dir='ltr'><strong>Editi</strong></span> <span class='ocrx_word' id='word_1_242' title='bbox 560 2560 620 2613; x_wconf 80' lang='lat' dir='ltr'><strong>(e.</strong></span> <span class='ocrx_word' id='word_1_243' title='bbox 667 2575 701 2599; x_wconf 82' lang='lat' dir='ltr'><strong>c.</strong></span> <span class='ocrx_word' id='word_1_244' title='bbox 741 2558 837 2599; x_wconf 77' lang='lat' dir='ltr'><strong>edd.</strong></span> <span class='ocrx_word' id='word_1_245' title='bbox 877 2555 985 2611; x_wconf 83' lang='grc' dir='ltr'><strong>Μ..)</strong></span> <span class='ocrx_word' id='word_1_246' title='bbox 1034 2554 1169 2605; x_wconf 87' lang='lat' dir='ltr'><strong>„Nam</strong></span> <span class='ocrx_word' id='word_1_247' title='bbox 1213 2553 1246 2596; x_wconf 88' lang='lat' dir='ltr'><strong>si</strong></span> <span class='ocrx_word' id='word_1_248' title='bbox 1283 2551 1531 2610; x_wconf 78' lang='lat' dir='ltr'><strong>justificatus</strong></span> <span class='ocrx_word' id='word_1_249' title='bbox 1560 2567 1652 2592; x_wconf 89' lang='lat' dir='ltr'><strong>non</strong></span> 
     </span>
     <span class='ocr_line' id='line_1_32' title="bbox 216 2614 754 2668; baseline -0.009 -9"><span class='ocrx_word' id='word_1_250' title='bbox 216 2617 345 2659; x_wconf 83' lang='lat' dir='ltr'><strong>habet</strong></span> <span class='ocrx_word' id='word_1_251' title='bbox 375 2616 580 2668; x_wconf 79' lang='lat' dir='ltr'><strong>glo1·iam“</strong></span> <span class='ocrx_word' id='word_1_252' title='bbox 612 2626 688 2656; x_wconf 85' lang='lat' dir='ltr'><strong>etc.</strong></span> <span class='ocrx_word' id='word_1_253' title='bbox 720 2614 754 2654; x_wconf 83' lang='lat' dir='ltr'>R</span> 
     </span>
    </p>
   </div>
   <div class='ocr_carea' id='block_1_7' title="bbox 335 2678 1481 2883">
    <p class='ocr_par' dir='ltr' id='par_1_7' title="bbox 335 2678 1481 2883">
     <span class='ocr_line' id='line_1_33' title="bbox 335 2678 1481 2742; baseline -0.009 -14"><span class='ocrx_word' id='word_1_254' title='bbox 335 2687 380 2742; x_wconf 80' lang='lat'><strong>⁵)</strong></span> <span class='ocrx_word' id='word_1_255' title='bbox 410 2685 523 2728; x_wconf 87' lang='lat' dir='ltr'><strong>Edd.</strong></span> <span class='ocrx_word' id='word_1_256' title='bbox 554 2684 749 2726; x_wconf 87' lang='lat' dir='ltr'><strong>Merlini:</strong></span> <span class='ocrx_word' id='word_1_257' title='bbox 782 2683 938 2724; x_wconf 84' lang='lat' dir='ltr'><strong>habeat</strong></span> <span class='ocrx_word' id='word_1_258' title='bbox 967 2681 1084 2737; x_wconf 80' lang='lat' dir='ltr'><strong>apud</strong></span> <span class='ocrx_word' id='word_1_259' title='bbox 1114 2680 1258 2721; x_wconf 88' lang='lat' dir='ltr'><strong>Deum</strong></span> <span class='ocrx_word' id='word_1_260' title='bbox 1291 2678 1481 2732; x_wconf 78' lang='lat' dir='ltr'><strong>gloriam.</strong></span> 
     </span>
     <span class='ocr_line' id='line_1_34' title="bbox 336 2755 1237 2812; baseline -0.008 -15"><span class='ocrx_word' id='word_1_261' title='bbox 336 2757 383 2812; x_wconf 81' lang='lat'><strong>⁶)</strong></span> <span class='ocrx_word' id='word_1_262' title='bbox 417 2755 571 2798; x_wconf 87' lang='lat' dir='ltr'><strong>Genes.</strong></span> <span class='ocrx_word' id='word_1_263' title='bbox 600 2755 695 2804; x_wconf 90' lang='lat' dir='ltr'><strong>XV,</strong></span> <span class='ocrx_word' id='word_1_264' title='bbox 716 2755 755 2798; x_wconf 84' lang='lat'><strong>6.</strong></span> <span class='ocrx_word' id='word_1_265' title='bbox 1234 2774 1237 2777; x_wconf 62' lang='lat'>&gt;</span> 
     </span>
     <span class='ocr_line' id='line_1_35' title="bbox 337 2821 1378 2883; baseline -0.008 -14"><span class='ocrx_word' id='word_1_266' title='bbox 337 2826 382 2883; x_wconf 88' lang='lat'><strong>⁷)</strong></span> <span class='ocrx_word' id='word_1_267' title='bbox 414 2827 529 2874; x_wconf 72' lang='lat' dir='ltr'><strong>Edd,</strong></span> <span class='ocrx_word' id='word_1_268' title='bbox 561 2825 763 2868; x_wconf 67' lang='lat' dir='ltr'><strong>Moruni:</strong></span> <span class='ocrx_word' id='word_1_269' title='bbox 795 2836 835 2867; x_wconf 83' lang='lat' dir='ltr'><strong>et</strong></span> <span class='ocrx_word' id='word_1_270' title='bbox 864 2821 1091 2882; x_wconf 86' lang='lat' dir='ltr'><strong>proprium</strong></span> <span class='ocrx_word' id='word_1_271' title='bbox 1122 2835 1378 2863; x_wconf 86' lang='lat' dir='ltr'><strong>sermonem.</strong></span> 
     </span>
    </p>
   </div>
   <div class='ocr_carea' id='block_1_8' title="bbox 341 2894 795 2952">
    <p class='ocr_par' dir='ltr' id='par_1_8' title="bbox 341 2894 795 2952">
     <span class='ocr_line' id='line_1_36' title="bbox 341 2894 795 2952; baseline -0.007 -14"><span class='ocrx_word' id='word_1_272' title='bbox 341 2895 388 2952; x_wconf 70' lang='grc' dir='ltr'><strong>ε)</strong></span> <span class='ocrx_word' id='word_1_273' title='bbox 418 2895 548 2939; x_wconf 76' lang='lat' dir='ltr'><strong>Rom.</strong></span> <span class='ocrx_word' id='word_1_274' title='bbox 579 2896 654 2946; x_wconf 81' lang='lat' dir='ltr'><strong>lv,</strong></span> <span class='ocrx_word' id='word_1_275' title='bbox 685 2895 724 2937; x_wconf 82' lang='grc'><strong>4.</strong></span> <span class='ocrx_word' id='word_1_276' title='bbox 755 2894 795 2939; x_wconf 87' lang='lat'><strong>5.</strong></span> 
     </span>
    </p>
   </div>
  </div>
 </body>
</html>
