1788 3111
182 115 265 160 166
518 113 740 156 ORIGENIS
771 127 817 155 m
847 111 925 154 EP.
956 123 1016 154 An
1048 111 1285 155 RomAnos'

172 227 316 270 sistere
345 225 548 284 injustitia
581 228 643 268 vel
663 227 705 283 ¹)
735 226 911 283 justitia;
940 227 1014 269 sed
1043 226 1151 268 sicut
1177 223 1334 283 justitia
1351 226 1397 282 ²)
1431 227 1610 269 effectus·

174 316 232 346 est
260 303 359 361 justi
390 304 580 361 rectique
612 304 773 361 operis,
813 304 885 360 qui
926 304 1069 360 primo
1110 302 1155 344 in
1184 302 1307 353 Deo,
1347 313 1439 344 tum
1478 305 1605 346 etiam

174 381 215 422 in
250 380 336 432 his,
377 381 450 437 qui
479 381 701 424 imitantur
730 399 852 431 eum,
893 379 1128 422 invenitur:
1170 379 1226 421 ita
1266 390 1306 421 et
1342 377 1606 437 injustitia3)

176 459 349 500 effectus
380 470 439 500 est
466 457 611 516 injusti
641 459 845 516 pravique
876 458 1030 514 operis,
1062 457 1135 514 qui
1164 456 1308 513 primo
1340 455 1385 497 in
1417 456 1606 509 diabolo,

175 547 265 577 tum
299 535 424 578 etiam
455 537 499 578 in
530 535 607 587 his,
638 535 710 592 qui
742 552 839 577 eum
871 535 1019 576 volunt
1049 533 1229 584 imitar1‚
1261 533 1606 590 deprehenditur.

175 612 230 654 Et
259 613 358 655 ideo
392 613 518 665 dIgnc
549 614 596 656 iis
627 613 688 655 ira
722 623 990 655 memoratur
1019 609 1191 661 inferri,
1234 611 1424 667 quamvis
1456 629 1505 653 ex
1543 612 1610 653 in-

175 689 327 747 justitia
369 706 520 732 eorum
559 692 673 732 velut
712 707 759 732 ex
803 689 1022 732 contrario
1064 689 1256 730 videatur
1295 689 1379 730 Dei
1414 688 1611 732 claruisse

175 765 342 822 justitia.
382 766 589 809 Poterant
608 783 809 822 namque,
829 767 936 809 sicut
952 778 1206 822 receperunt
1226 765 1268 806 in
1289 782 1332 807 se
1349 767 1549 807 affectum
1564 764 1610 822 4)

173 843 317 902 injusti
340 844 546 901 pravique
576 842 730 899 operis,
760 845 899 885 multo
932 843 1061 895 magis
1081 842 1179 900 justi
1199 843 1386 899 rectique
1408 843 1611 899 recipere.

175 921 296 963 Juste
326 920 451 974 igitur
482 938 502 962 a
530 920 629 962 Deo
660 919 722 963 ira
761 937 889 976 super
922 937 1071 962 omnes
1102 920 1298 963 homines
1327 920 1476 961 induci
1507 920 1613 961 dici-

177 1010 258 1039 tur.
319 999 385 1040 Illi
418 997 546 1048 enim,
576 997 622 1038 in
653 998 808 1053 quibus
838 997 898 1039 ira
931 1014 1022 1039 non
1053 998 1182 1039 habet
1211 990 1374 1046 locum,
1402 995 1489 1054 jam
1519 1013 1611 1038 non

176 1076 385 1125 homines,
415 1077 490 1118 sed
520 1091 648 1130 supra
678 1075 876 1117 homines
907 1075 1155 1131 appellandi
1183 1085 1292 1117 sunt.
1338 1069 1393 1115 Et
1412 1085 1613 1129 propter-

179 1170 225 1194 ea
270 1152 454 1195 fortassis
496 1153 611 1194 idem
647 1153 882 1208 Apostolus
914 1152 1071 1193 Paulus
1110 1153 1164 1192 de
1195 1150 1395 1192 omnibus
1425 1149 1614 1191 homini·-

178 1232 256 1272 bus
289 1229 561 1286 pronuntiat,
602 1229 766 1279 dicens,
807 1229 905 1284 quia
938 1244 1133 1278 „eramus
1151 1227 1195 1282 ⁵)
1225 1239 1377 1267 natura
1407 1226 1485 1269 filii
1514 1226 1616 1276 irae,

176 1309 281 1349 sicut
314 1318 352 1347 et
383 1305 582 1349 caeteri.“
653 1307 753 1347 Non
799 1305 912 1347 enim
958 1304 1077 1346 dixit:
1118 1321 1320 1355 „eramus
1357 1303 1436 1345 filii
1472 1302 1616 1344 irae:“

178 1386 251 1427 sed
285 1384 472 1425 addidit:
512 1401 716 1433 „eramus
753 1394 905 1425 natura
934 1382 1013 1424 filii
1042 1382 1154 1432 irae,
1193 1381 1301 1423 sicut
1341 1391 1381 1422 et
1423 1381 1616 1423 caeteri.“

182 1462 345 1503 Omnes
380 1461 493 1503 enim
526 1461 724 1503 homines
753 1471 905 1502 natura
936 1459 1014 1502 filii
1043 1459 1132 1502 irae
1163 1457 1304 1501 effecti
1332 1469 1442 1509 sunt,
1473 1474 1520 1499 ex
1550 1474 1616 1508 eo,

182 1541 300 1595 quod
334 1551 452 1580 erant
483 1539 540 1582 dii
572 1551 611 1581 et
639 1539 718 1580 filii
740 1538 921 1589 Excelsi,
953 1550 991 1579 et
1023 1553 1104 1594 per
1126 1537 1211 1579 hoc
1242 1535 1438 1579 homines
1467 1536 1616 1592 appel-

180 1618 252 1658 lati
273 1628 381 1658 sunt.
413 1617 597 1657 Attende
623 1615 736 1656 enim
762 1614 1016 1666 diligentius,
1048 1616 1273 1671 quomodo
1293 1613 1415 1655 dicit:
1445 1628 1549 1665 „ego
1569 1612 1615 1668 6)

183 1693 286 1736 dixi:
319 1694 374 1735 dii
409 1694 501 1735 estis
534 1704 573 1734 et
600 1691 676 1734 filii
698 1691 919 1734 Excelsi“:
939 1691 985 1748 ⁷)
1018 1703 1058 1733 et
1087 1691 1274 1733 addidit:
1305 1707 1482 1740 „omnes
1502 1696 1613 1732 vos.“

182 1769 306 1824 Quae
347 1768 527 1826 adjectio
571 1786 699 1810 omne
735 1769 861 1810 simul
900 1770 979 1811 sub
1023 1769 1107 1810 hoc
1145 1769 1546 1810 titulohumanum
1562 1766 1610 1824 8>

181 1849 385 1900 significat
425 1863 553 1900 genus
595 1863 849 1888 connexum.
922 1845 1122 1901 Denique
1166 1845 1210 1886 in
1254 1845 1613 1901 consequentibus

183 1926 304 1967 dicit:
348 1940 446 1975 „vos
463 1923 509 1979 ⁹)
553 1935 693 1966 autem
733 1934 778 1965 ut
819 1922 1018 1965 homines
1057 1921 1343 1965 moriemini.“
1401 1922 1531 1965 Unde
1577 1933 1615 1963 et

305 2122 347 2178 ¹)
379 2123 450 2164 Sic
484 2121 606 2168 Mss.‚
647 2122 846 2163 [tabanus
888 2132 927 2161 et
966 2119 1237 2162 SalodIanus.
1309 2116 1475 2160 Caeteri
1515 2117 1615 2160 editi

183 2182 239 2236 (e.
273 2197 306 2220 c.
345 2180 441 2220 cdd.
473 2177 579 2232 M.):
613 2183 718 2227 „et.“
750 2177 798 2218 R.

299 2250 345 2302 ²)
376 2249 488 2290 Edd.
519 2247 718 2289 Merlini:
750 2246 943 2304 justitiae.

299 2321 344 2375 3)
377 2321 488 2361 Edd.
520 2319 717 2360 NIerlini:
750 2317 987 2376 injustitiae.

289 2380 349 2444 ³²)
380 2391 438 2431 lta
473 2389 594 2438 Mss.‚
635 2388 861 2437 Ralmnus,
903 2386 1159 2429 Salodianus
1200 2398 1239 2427 et
1269 2386 1476 2427 Men-linus
1507 2385 1611 2440 (sec.

184 2449 245 2488 ed.
281 2446 343 2501 l.).
405 2447 488 2488 Alii
519 2445 617 2486 editi
650 2446 706 2500 (e.
739 2462 772 2486 c.
806 2448 870 2487 ed.
895 2444 1068 2485 Merlini
1099 2443 1198 2499 Il.):
1229 2445 1498 2493 „effectum.“
1534 2441 1577 2481 R.

302 2517 345 2572 ⁵)
376 2517 530 2572 Ephes.
564 2516 614 2564 Η,
647 2518 684 2557 3.

302 2587 346 2639 ⁶)
381 2587 532 2628 Psalm.
564 2584 781 2634 LXXXII,
810 2586 848 2628 6.
881 2581 1125 2641 (LXXXI.)

305 2658 348 2712 7)
378 2657 489 2699 Edd.
521 2655 715 2698 Merlini:
750 2656 898 2697 excelsi
931 2671 1090 2695 omnes.

303 2726 348 2783 ὃ)
382 2727 479 2769 Mss.
520 2728 692 2782 quidam
735 2727 914 2768 habent:
961 2725 1231 2776 „humanum
1280 2722 1494 2766 contexuit
1537 2723 1614 2778 (al.

187 2783 465 2839 connexuit)
498 2789 664 2836 genus.“
698 2783 746 2824 R.

303 2852 346 2903 ⁹)
378 2854 533 2895 Psalm.
562 2853 782 2903 LXXXII,
816 2855 851 2895 7.
890 2851 1136 2908 (LXXXI.)
