1788 3111
526 87 969 130 Commnwmmonum
997 87 1088 128 Lm.
1119 86 1192 129 ΙΙΙ.
1487 87 1568 130 1853

149 220 240 245 eam
284 204 339 245 ad
383 204 618 259 perfectum
663 212 703 242 et
744 201 796 241 ad
842 199 1052 250 integrum
1100 210 1447 240 consummatam.
1519 199 1567 240 Si

148 292 289 323 autem
320 281 598 335 requiramus,
627 277 718 334 quis
737 275 780 332 ¹)
809 277 860 319 sit
880 291 975 317 vere
995 276 1150 326 bonus,
1181 287 1219 316 et
1237 275 1309 331 qui
1331 277 1562 331 perfectam

146 358 293 400 fecerit
339 356 601 405 bonitatem,
641 355 762 396 illum
806 352 1068 394 inveniemus
1113 352 1276 401 solum,
1323 352 1394 407 qui
1441 353 1563 394 dicit:

145 450 256 486 „ego
275 434 322 489 ²)
360 451 452 476 sum
490 443 634 488 pastor
671 432 869 473 bonus“:
914 441 954 471 et
993 428 1168 470 iterum:
1208 439 1387 484 „pastor
1422 430 1562 472 bonus

146 511 331 552 animam
353 527 472 553 suam
489 509 613 565 ponit
632 524 714 563 pro
742 507 890 548 ovibus
909 505 1030 548 suis.“
1076 505 1180 547 Post
1200 505 1303 547 haec
1324 507 1376 547 de
1397 506 1561 561 quinto,

145 600 193 630 ut
220 604 347 644 supra
378 587 576 636 diximus,
606 584 776 627 Psalmo
807 583 1049 637 sumcns,3)
1083 583 1201 624 dicit:
1230 582 1558 639 „sepulcrum⁴)

143 677 290 721 patens
321 675 379 705 est
407 674 548 715 guttur
577 667 767 704 eorum.“
826 662 1002 704 Diversa
1032 660 1077 703 in
1107 659 1194 709 his,
1233 672 1281 701 ut
1309 658 1415 700 mihi
1444 657 1560 700 vide-

144 754 233 792 tur,
273 739 449 781 humani
478 740 639 791 generis
667 750 838 794 peccata
871 738 1080 780 describit.
1142 736 1285 779 Omne
1312 738 1557 793 sepulcrum

142 817 459 859 immunditiam
490 815 678 857 defuncti
710 816 921 856 cadaveris
953 816 1159 868 contegit:
1188 816 1305 856 unde
1335 825 1374 854 et
1404 812 1558 854 Domi-

140 912 219 936 nus
259 893 426 935 dicebat
463 892 507 934 in
538 892 770 943 Evangelio
813 893 865 933 de
901 892 1048 934 scribis
1080 904 1119 933 et
1146 890 1402 940 pharisaeis,
1440 891 1558 946 quod

143 983 276 1014 essent
302 972 498 1027 sepulcra
531 970 744 1018 dealbata,
784 967 954 1025 quae5)
995 969 1123 1019 „foris
1155 968 1328 1024 quidem
1366 966 1558 1023 speciosa

139 1049 336 1090 videntur
365 1048 623 1097 hominibus,
651 1047 761 1088 intus
793 1057 931 1087 autem
951 1046 1077 1102 plena
1098 1057 1195 1088 sunt
1223 1045 1342 1086 omni
1371 1044 1558 1086 immun-

140 1125 279 1167 ditia.“
335 1125 517 1166 Videtur
547 1136 687 1165 autem
720 1123 876 1165 Paulus
907 1124 989 1165 hoc
1006 1122 1050 1179 ⁶)
1087 1123 1134 1165 in
1172 1123 1271 1163 loco
1312 1121 1449 1180 majus
1483 1121 1560 1162 ali·-

142 1203 245 1257 quid
283 1202 328 1243 in
367 1202 471 1251 istis,
511 1203 564 1242 de
604 1201 758 1256 quibus
795 1217 935 1242 sermo
978 1211 1057 1250 est,
1095 1201 1319 1241 ostendere
1358 1198 1560 1247 criminis,

143 1295 239 1320 cum
268 1295 346 1320 eos·
370 1279 663 1333 „sepulcrum“
693 1294 786 1318 non
815 1288 987 1327 tectum,
1019 1293 1158 1332 neque
1188 1286 1456 1331 coopertum,
1483 1275 1558 1315 sed

141 1360 359 1410 ‚,patens“
380 1353 425 1410 ⁷)
478 1355 674 1409 appellat.
745 1353 899 1394 Clausa
947 1353 1058 1394 enim
1096 1353 1289 1409 sepulcra
1345 1351 1558 1400 dicuntur,

141 1447 248 1486 quos
286 1430 596 1486 aliquantulum
635 1432 781 1486 pudor
822 1430 993 1472 cohibet
1029 1429 1173 1485 palam
1212 1428 1480 1484 delinquere,
1519 1438 1559 1468 et

138 1508 335 1562 proferre
364 1507 418 1546 ad
459 1506 680 1560 publicum
720 1507 897 1548 crimina
937 1523 1022 1548 sua.
1081 1505 1234 1546 Patens
1275 1521 1375 1545 vero
1413 1504 1556 1559 sepul-—

141 1600 261 1623 crum
293 1581 493 1623 dicuntur
523 1582 585 1631 hi,
603 1582 649 1638 3)
683 1583 756 1638 qui
786 1581 1074 1623 immunditias
1101 1598 1196 1624 suas
1226 1592 1266 1622 et
1294 1579 1558 1636 impuritates

136 1658 182 1699 in
213 1659 445 1714 propatulo
476 1658 657 1699 habent:
700 1660 852 1714 quibus
890 1658 1104 1701 assiduitas
1143 1669 1182 1699 et
1209 1673 1307 1698 usus
1335 1656 1558 1704 scelerum,

139 1736 259 1791 quod
289 1746 347 1776 est
376 1735 421 1775 in
449 1734 570 1776 malis
600 1735 810 1785 ultimum,
842 1736 965 1777 etiam
997 1734 1321 1776 commissorum
1352 1748 1557 1773 verecun-

139 1812 253 1853 diam
283 1811 466 1853 sustulit:
497 1823 543 1852 ut
572 1810 658 1869 jam
688 1829 778 1854 non
805 1813 996 1869 aperiant
1026 1829 1072 1854 os
1101 1827 1239 1861 suum,
1270 1822 1309 1852 et
1337 1811 1558 1866 proferant

138 1890 314 1930 verbum
333 1888 378 1942 ⁹)
408 1888 506 1937 Dei,
536 1890 713 1930 verbum
744 1891 896 1940 vivum,
925 1891 1000 1932 sed
1030 1888 1222 1945 aperiant
1250 1898 1390 1940 guttur
1417 1902 1561 1935 suum,

139 1977 179 2006 ct
205 1967 428 2021 proferant
456 1965 631 2006 verbum
663 1978 907 2017 mortuum,
945 1967 1121 2007 verbum
1153 1963 1339 2012 diaboli,
1379 1979 1469 2003 non
1501 1963 1555 2002 de

141 2043 292 2091 corde,
330 2043 404 2083 sed
435 2043 488 2082 de
516 2043 727 2097 sepulcro.
786 2043 832 2084 Si
862 2044 1036 2098 quando
1069 2058 1168 2094 ergo
1190 2040 1260 2096 ¹⁰)
1292 2040 1443 2081 videris
1473 2039 1554 2079 ho-

139 2118 300 2159 minem
328 2117 484 2159 lascivo
518 2133 593 2158 ore
624 2118 840 2174 impudica
869 2120 997 2162 verba
1025 2116 1266 2174 jactantem,
1294 2127 1367 2158 aut
1384 2115 1551 2157 tumido

256 2263 300 2318 1>
329 2263 440 2305 Edd.
469 2262 664 2304 Merlini:
694 2263 767 2319 qui
795 2262 846 2305 sit
876 2273 952 2304 etc.

253 2333 300 2389 ²)
329 2333 404 2375 Ev.
433 2336 589 2376 Joann.
618 2333 674 2382 X,
705 2334 768 2375 11.

252 2403 299 2460 ³)
330 2404 460 2445 Deest
470 2403 513 2444 in
526 2414 646 2443 antea
668 2402 786 2444 editis
805 2401 862 2457 (e.
883 2419 916 2442 c.
931 2401 974 2442 in
996 2403 1090 2444 edd.
1101 2401 1209 2454 Μ)
1238 2407 1469 2452 „sumens.“
1500 2400 1548 2442 R.

255 2472 301 2529 ⁴¹)
333 2475 458 2515 Rom.
478 2471 550 2520 ΙΙΙ,
567 2472 630 2513 13.
649 2483 687 2512 et
704 2471 858 2513 Psalm.
875 2472 924 2522 V,
939 2472 976 2514 9.
998 2472 1093 2514 coll.
1114 2471 1179 2514 Ps.
1196 2472 1312 2521 XIV,
1327 2472 1366 2514 3.
1387 2470 1552 2527 (XIII.)

254 2543 299 2596 ⁵)
329 2542 479 2583 Matth.
508 2532 670 2592 XXIII,
699 2544 765 2584 27.
884 2542 930 2597 ⁶)
956 2542 1233 2584 Edd.1v1er1.2
1264 2542 1309 2583 in
1328 2543 1412 2582 1100
1435 2542 1548 2582 loco.

256 2611 300 2665 ⁷)
329 2612 455 2654 Rom.
484 2611 559 2661 III,
590 2613 656 2655 13.
773 2612 820 2667 3)
850 2612 960 2654 Edd.
990 2612 1185 2654 Mei-lini:
1217 2613 1259 2654 ii·

138 2681 445 2778 δεάαεῦέωΑἰΙίὶεὶε
474 2682 534 2738 (v.
565 2699 599 2722 c.
628 2682 672 2723 in
703 2683 797 2724 edd.
827 2682 997 2738 Merl.):
1040 2683 1246 2734 „verbum
1278 2680 1361 2723 Dei
1391 2680 1553 2732 vivum3

232 2805 303 2860 ¹⁰)
332 2805 442 2850 Edd.
472 2807 668 2850 Mer-lini:
699 2808 848 2851 videris
879 2823 978 2861 ergo
1009 2821 1085 2850 etc.
