1788 3111
201 158 257 202 74
540 154 764 196 OmGEms
792 164 839 195 m
868 151 948 196 Ep,
977 161 1037 194 An
1069 149 1294 193 ROMANOS

200 273 288 313 lere
319 268 546 326 praeferri,
577 266 651 323 qui
681 265 787 308 alios
816 264 1076 323 judicantes,
1107 263 1187 320 ipsi
1219 263 1493 305 committunt
1523 280 1633 320 quae

202 350 247 390 in
286 345 460 388 caeteris
495 345 695 401 puniunt.
766 343 812 386 Si
852 343 945 399 quis
984 359 1083 396 ergo
1122 343 1233 383 hanc
1271 341 1507 383 bonitatem
1547 341 1633 383 Dei

203 438 245 468 et
262 426 303 481 ¹)
335 423 686 467 sustentationem
713 421 815 479 ejus,
847 433 888 462 et
917 420 1166 477 patientiam
1186 418 1435 469 contemnit,
1464 418 1632 472 ignorat

206 503 326 560 quod
355 519 434 558 per
463 503 566 542 haee
596 502 651 542 ad
690 499 999 557 poenitentiam
1040 508 1312 554 provocatur.
1371 495 1630 538 sustentatio

200 598 302 622 vero
334 597 356 621 a
387 577 589 635 patientia
620 579 702 619 hoe
735 577 902 617 videtur
934 576 1122 626 differre,
1157 576 1275 631 quod
1298 574 1371 631 qui
1389 572 1633 614 infirmitate

203 657 354 711 magis,
398 673 526 712 quam
565 654 790 712 proposito
833 653 1110 709 delinquunt,
1151 651 1374 694 sustentari
1410 650 1632 692 dicuntur:

203 734 275 792 qui
306 751 406 775 vero
438 732 644 789 pertinaci
675 742 817 772 mente
850 731 964 772 velut
991 730 1258 785 exsultant2)
1290 729 1334 769 in
1356 726 1518 769 delictis
1537 726 1633 776 suis,

202 811 304 854 ferri
334 811 546 868 patienter
576 809 747 851 dicendi
776 820 887 850 sunt.
933 809 1021 849 Sed
1048 806 1156 848 sicat
1187 805 1331 847 omnia
1361 806 1405 847 in
1435 820 1634 846 mensura

202 890 360 943 secit3)
393 890 527 937 Deus,
559 899 600 928 et
628 887 837 943 pondere,
870 897 911 926 et
939 901 1137 933 numero,
1167 882 1377 925 ita'etiam
1407 881 1635 939 patientiae

203 967 292 1024 ejus
326 977 439 1008 certa
472 981 673 1006 mensura
705 975 785 1005 estt
826 979 955 1019 quam
993 979 1238 1003 mensuram
1270 961 1534 1001 eredendum
1574 970 1634 999 est

203 1062 290 1087 esse
321 1043 719 1097 consummatam4)
760 1042 826 1082 vel
867 1043 921 1081 ab
962 1040 1049 1091 his,
1097 1040 1170 1095 qui
1209 1037 1370 1080 diluvio
1401 1036 1636 1093 perierunt,

202 1123 267 1164 vel
300 1124 353 1163 ab
385 1120 463 1170 his,
497 1119 570 1176 qui
591 1120 636 1160 in
658 1119 861 1162 Sodomis
882 1117 1054 1159 coelesti
1073 1117 1168 1170 igne
1189 1114 1337 1158 vastati
1353 1127 1461 1157 sunt.
1504 1114 1636 1155 Unde

204 1212 246 1242 et
285 1202 339 1241 de
384 1197 660 1239 Amorrhaeis
701 1197 876 1238 dicitur:
920 1195 1216 1250 „nondum⁵)
1257 1193 1371 1234 enim
1410 1193 1572 1248 repleta
1588 1192 1634 1247 6)

203 1288 302 1320 sunt
344 1286 518 1333 peccata
557 1275 927 1315 Amorrhaeorum
974 1290 1109 1328 usque
1155 1277 1312 1314 nunc.“
1384 1271 1490 1311 Fert
1535 1285 1634 1322 ergo

206 1357 322 1396 Deus
353 1353 587 1410 patienter,
630 1363 671 1392 et
710 1363 921 1407 exspectat
949 1348 1287 1407 uniuscujusque
1315 1346 1635 1404 poenitentiam‘

204 1435 291 1476 Sed
321 1449 411 1472 non
452 1447 532 1471 nos
563 1427 764 1469 dissolvat.
806 1428 910 1477 hoc,
950 1438 992 1468 et
1032 1428 1179 1468 tardos
1218 1427 1272 1466 ad
1312 1423 1635 1466 conversionem

202 1509 348 1559 saciat,
391 1507 490 1564 quia
528 1522 673 1547 rursus
710 1504 937 1561 patientiae
969 1492 1058 1563 ejus
1101 1516 1141 1545 et
1176 1502 1492 1546 sustentationis
1523 1482 1634 1543 cert'a

202 1603 400 1629 mensura
432 1596 504 1626 est.

313 1666 353 1706 4.
391 1660 734 1715 „Secundum⁷)
775 1659 974 1701 duritiam
1014 1672 1156 1700 autem
1193 1671 1334 1708 tuam,
1376 1669 1418 1698 et
1447 1674 1523 1698 cor
1551 1657 1631 1697 im-

204 1741 440 1798 poenitens,
470 1737 727 1780 thesaurizas
756 1737 833 1777 tibi
864 1737 943 1792 ipsi
974 1737 1080 1777 iram
1111 1736 1156 1777 in
1188 1736 1256 1776 die
1279 1722 1380 1786 irae,
1412 1747 1452 1776 et
1472 1735 1631 1776 revela-

205 1817 331 1859 tionis
361 1815 461 1874 justi
498 1814 646 1873 judieii
675 1814 783 1865 Dei,
826 1814 899 1869 qui
937 1814 1088 1854 reddet
1125 1811 1358 1868 unleuique
1398 1813 1635 1854 secundum

207 1913 337 1953 opera
369 1894 499 1952 ejus.“
561 1893 650 1934 Cor
680 1894 836 1933 durum
867 1891 911 1932 in
943 1890 1173 1946 Scripturis
1205 1889 1289 1931 dici
1319 1890 1500 1939 videtur,
1537 1907 1635 1931 cum

204 1991 324 2015 mens
356 1974 542 2012 humana
574 1970 689 2011 velut
720 1986 814 2010 cera
846 1967 1003 2022 frigore
1021 1967 1253 2024 iniquitatis
1276 1966 1479 2009 obstricta
1497 1966 1634 2020 signa-

205 2053 351 2093 culum
381 2047 573 2102 imaginis
606 2046 772 2089 divinae
801 2062 892 2087 non
922 2045 1083 2102 recipit.
1152 2046 1249 2087 Hoc
1279 2045 1395 2086 idem
1426 2044 1528 2085 alibi
1560 2062 1636 2086 eor

323 2253 361 2307 ¹)
392 2253 503 2294 Edd.
535 2252 598 2293 M.
629 2251 713 2291 hoe
744 2250 866 2299 loco,
907 2250 980 2291 csr.
1013 2264 1107 2305 pag.
1140 2249 1206 2292 73.
1248 2260 1337 2290 not.
1367 2249 1429 2299 4.,
1470 2260 1517 2289 ut
1558 2265 1635 2289 nos

202 2330 243 2354 ιι]
277 2322 403 2352 textu.

321 2380 366 2435 ²)
401 2381 462 2419 lta
492 2379 593 2419 les.
617 2377 826 2433 plerique,
858 2389 899 2418 ct
929 2376 1029 2418 editi
1061 2377 1118 2432 (c.
1140 2376 1405 2429 c.e‹ld.M.').
1436 2375 1635 2416 Rabanus

204 2456 317 2486 veio,
350 2448 390 2477 et
420 2437 524 2477 lec.
557 2451 667 2475 unus
698 2436 798 2487 Reg.
828 2451 946 2475 num.
979 2433 1100 2476 1641.
1133 2432 1401 2483 „insultant.“
1443 2433 1493 2473 R.

321 2507 367 2560 ³)
400 2508 497 2561 Sap.
531 2505 752 2548 Salomon.
785 2506 861 2554 XI,
891 2506 957 2548 20.

324 2576 370 2632 ⁴¹)
403 2575 472 2618 Sic
504 2576 728 2624 Rabanus,
768 2587 804 2615 ct
849 2573 1001 2615 rectius
1034 2572 1206 2627 quidem
1241 2587 1367 2627 quam
1407 2586 1632 2620 „consum-

209 2641 331 2684 tam“‚
364 2646 409 2674 ut
440 2634 599 2674 habent
629 2631 729 2672 editi
759 2634 819 2687 (e.
854 2648 885 2672 c.
920 2631 1014 2671 edd.
1046 2630 1234 2683 M.)‚1et
1267 2629 1365 2670 Mss.
1398 2626 1546 2669 nostri.
1587 2628 1635 2668 R.

323 2704 368 2758 ⁵)
402 2704 555 2744 Genes-
586 2703 683 2752 XV,
715 2703 779 2747 16.

324 2775 370 2827 ”)
407 2776 504 2815 Mss.
537 2772 731 2827 quidam:
765 2773 1002 2826 „completa
1035 2776 1170 2812 sum..“
1218 2770 1383 2811 (laeteri
1403 2786 1503 2809 vero
1523 2769 1634 2815 Mas,

210 2833 309 2873 editi
342 2836 395 2888 (e.
430 2849 460 2870 e.
497 2831 590 2870 edd.
626 2831 725 2885 M.)‚
758 2842 794 2871 et
827 2831 1053 2872 l’xabanus:
1087 2828 1274 2883 „repleta
1307 2831 1442 2869 sunt.“
1474 2827 1522 2867 R.

326 2903 369 2956 7)
403 2903 527 2943 Rom.
563 2902 613 2950 H,
645 2903 682 2944 5.
716 2903 753 2943 (ἰ.
