1788 3111
527 109 967 152 COMMENTARIORUM
997 108 1085 150 Lm.
1117 110 1167 149 V.
1475 108 1560 151 393

143 242 248 266 mus.
316 221 433 277 Quid
456 222 498 277 ¹)
546 221 597 263 sit
634 232 773 261 autem
814 219 1079 261 similitudini
1116 219 1433 262 resurrectionis
1471 219 1560 277 ejus

144 318 228 344 esse
260 301 619 355 complantatum,
655 298 845 339 Joannes
886 298 1115 352 Apostolus
1147 298 1296 337 docet:
1336 296 1560 351 „filioli,2)

144 379 337 418 nondum
369 376 545 425 scimus,
591 374 694 430 quid
730 373 860 414 futuri
889 390 1045 414 sumus.
1106 373 1151 414 Si
1186 385 1325 414 autem
1356 373 1561 414 revelatus

143 453 267 495 nobis
297 452 435 501 fuerit,
465 451 618 493 similes
653 451 714 491 illi
755 450 947 491 crimus.“
1010 450 1066 490 Et
1103 450 1255 490 iterum
1297 449 1386 504 ipse
1418 449 1562 490 Salva-

143 542 211 571 tm·
241 529 362 571 dicit:
392 527 602 582 „patei-3)
632 527 755 575 volo,
785 538 853 574 ut,
894 525 969 566 ubi
1001 541 1076 576 ego
1109 543 1215 575 sum,
1248 526 1347 579 et4)
1377 526 1440 569 isti
1480 527 1562 569 sint

143 611 359 647 mecum:“
394 617 432 645 et
461 605 634 645 iterum:
675 602 868 658 ‚,sicut⁵)
901 619 977 655 ego
1009 602 1052 643 in
1086 614 1148 652 te,
1181 613 1220 642 et
1247 614 1291 642 tu
1324 603 1365 643 in
1397 620 1487 651 me,
1518 616 1563 644 ut

145 695 184 724 ct
211 683 275 724 isti
305 683 348 723 in
380 681 504 722 nobis
533 697 667 721 unum
698 680 818 721 sint.“
879 679 1012 733 Quod
1050 678 1196 734 utique
1237 680 1290 720 de
1329 680 1408 721 illis
1450 681 1564 729 dicit,

144 758 216 813 qui
248 758 291 798 in
322 758 529 813 praesenti
559 757 637 797 vita
672 756 949 811 complantati
979 758 1136 797 fuerint
1164 757 1428 798 similitudini
1448 774 1564 798 mor-

144 837 192 876 tis
225 834 324 891 ejus.
384 834 493 873 Puto
528 845 693 881 autern,
735 835 854 888 quod
882 843 995 883 grate
1026 833 1108 872 hoc
1141 844 1179 873 et
1210 835 1262 873 de
1293 833 1367 874 illo
1398 835 1566 875 latrone

145 913 227 955 dici
262 911 404 966 possit,
435 910 507 965 qui
537 909 663 951 simul
692 909 733 949 in
767 925 894 949 cruce
919 908 1123 964 pependit
1142 926 1237 949 cum
1269 910 1391 961 Jesu;
1422 922 1459 951 ct
1489 928 1567 966 per

145 987 454 1030 consessionem
483 1003 617 1035 suam,
649 1003 729 1042 qua
748 985 793 1040 6)
827 985 948 1026 dixit:
979 997 1220 1034 „memento
1241 986 1284 1041 ⁷)
1324 987 1431 1036 mei,
1470 988 1566 1028 Do-

144 1065 281 1115 mine,
323 1081 419 1105 cum
460 1064 621 1105 veneris
662 1064 704 1104 in
737 1078 914 1114 regnum
944 1075 1086 1104 tuum:
1079 1069 1114 1088 ·“
1145 1074 1184 1104 et
1213 1063 1341 1104 aliurn
1372 1065 1568 1119 blasphe-
1601 1095 1603 1099 -

145 1154 330 1182 mantem
366 1140 597 1195 conspuit,
643 1140 924 1195 complantaii
955 1157 1031 1195 pe}
1072 1140 1176 1179 hacc
1207 1139 1313 1180 visus
1343 1139 1395 1180 sit
1423 1139 1568 1181 simili-

144 1218 281 1259 tudini
312 1219 458 1260 mortis
490 1216 599 1273 ejus:
630 1219 701 1257 sed
737 1228 775 1256 et
804 1215 1102 1257 resurrectioni
1141 1213 1227 1272 ejus
1260 1217 1569 1271 complantatus

145 1295 196 1337 sit
227 1311 302 1349 per
334 1295 431 1343 hoc,
460 1296 577 1349 quod
610 1294 646 1334 ei
678 1293 851 1334 dicitur:
884 1292 1099 1346 „hodie⁸)
1131 1308 1297 1332 mecum
1321 1292 1397 1333 cris
1428 1292 1470 1332 in
1493 1309 1569 1348 pa-

145 1372 324 1412 radiso.“
382 1369 585 1425 Digna9)
616 1386 803 1425 namque
834 1381 922 1410 erat
952 1371 1095 1424 planta
1127 1368 1334 1423 paradisi,
1364 1386 1473 1424 quae
1503 1387 1569 1411 aru

145 1448 243 1490 hori
263 1447 332 1500 ¹⁰)
373 1448 478 1487 vitae
508 1446 665 1488 sociata
704 1458 773 1487 est.
846 1445 1078 1502 Propterea
1110 1462 1232 1498 ergo,
1263 1447 1382 1501 quod
1414 1445 1573 1486 dixerat

147 1524 377 1579 Apostolus
409 1521 692 1578 complantari
721 1522 988 1565 similitudini
1016 1522 1164 1563 mortis
1197 1521 1373 1571 Christi,
1402 1522 1481 1562 alia
1500 1522 1509 1544 ¹
1528 1521 1570 1575 ¹)

147 1618 288 1641 rursus
333 1601 466 1651 figura
519 1599 696 1655 repetit,
752 1611 791 1640 ct
836 1599 956 1641 dicit:
1002 1598 1128 1655 „quia
1148 1598 1217 1652 ¹²)
1268 1610 1381 1639 vetus
1435 1599 1568 1639 homo

148 1689 291 1718 noster
340 1677 464 1718 simul
508 1676 821 1730 crucifixusffi)
868 1687 925 1718 est
965 1676 1021 1725 ci,
1061 1687 1106 1716 ut
1149 1677 1386 1717 destruatur
1417 1692 1572 1731 corpus

269 1872 309 1927 ¹)
343 1873 454 1914 Alias
486 1874 546 1928 (V.
577 1890 610 1914 e.
642 1874 685 1914 in
720 1875 814 1914 edd.
846 1872 956 1928 M.):
993 1872 1138 1927 „Quid
1172 1883 1228 1913 est
1261 1882 1398 1911 autem
1428 1871 1573 1912 simili-

147 1928 287 1970 tudini
316 1930 628 1971 resur-victionis
653 1929 738 1987 ejus
765 1946 849 1971 esse
877 1928 1217 1984 complantatos?
1246 1929 1435 1968 Joanncs
1455 1931 1574 1983 Apo-

149 1986 277 2026 stolus
311 1985 428 2025 dicit:
460 1985 609 2025 filioli“
641 1998 714 2027 etc.
747 1987 796 2025 R.

267 2053 312 2107 ’-)
348 2054 357 2091 Ι
393 2055 550 2095 Joann.
581 2054 722 2102 11],2.
841 2053 888 2109 3)
919 2054 995 2095 Ev.
1026 2054 1184 2094 Joann.
1214 2052 1349 2101 XVII,
1378 2054 1443 2094 24.

267 2121 311 2177 ⁴)
344 2123 414 2164 Sic
445 2124 542 2165 Mss.
574 2135 613 2164 et
645 2123 743 2165 editi
778 2124 836 2180 (ν.
870 2141 902 2164 c.
934 2125 1028 2164 edd.
1060 2121 1159 2178 M.).
1191 2122 1294 2163 Msc.
1321 2133 1463 2163 tamen
1483 2124 1575 2177 qui—

154 2181 272 2220 dam:
304 2180 415 2228 „illic
446 2182 497 2221 sit
528 2191 566 2220 ct
597 2180 787 2221 minister
817 2197 945 2222 meus
949 2186 972 2203 “
1002 2179 1130 2222 Male.
1164 2177 1216 2219 R.

268 2249 312 2303 ⁵)
345 2250 420 2291 Ev.
451 2250 609 2290 Joann.
639 2250 775 2300 XVII,
804 2251 872 2293 21.
990 2249 1036 2304 ⁶)
1065 2249 1146 2290 E.d
1188 2248 1248 2288 M.
1280 2247 1340 2287 II:
1382 2254 1574 2303 „quam.“

271 2319 314 2369 ⁷)
347 2320 449 2360 Luc.
479 2319 641 2368 XXIII,
672 2321 736 2362 42.
858 2319 904 2373 8>
935 2318 1034 2359 Luc.
1066 2318 1226 2366 XXIH,
1258 2318 1326 2360 43.

268 2388 313 2442 9)
345 2388 452 2430 Edd.
485 2390 677 2430 Nlerlini:
709 2390 934 2444 Dignaque
966 2400 1052 2430 erat
1081 2390 1226 2444 planta
1258 2398 1331 2427 etc.

247 2458 315 2510 ¹⁰)
346 2459 427 2499 Ed.
464 2459 521 2498 Μ.
552 2460 590 2499 Ι;
623 2461 764 2500 arbor.

245 2528 314 2581 ¹¹)
346 2528 405 2569 Ita
444 2541 557 2569 recte
596 2529 699 2571 Msc.
741 2547 861 2570 unus.
938 2527 1102 2568 Caeteri
1145 2544 1244 2568 vero
1276 2526 1375 2567 Mss.
1407 2539 1446 2568 ct
1478 2527 1577 2569 editi

156 2589 212 2638 (e.
243 2601 276 2626 c.
307 2586 399 2625 cdd.
446 2585 550 2638 Μ.);
594 2586 745 2635 „aliam
791 2601 931 2627 rursus
970 2586 1090 2638 (cdd.
1132 2585 1191 2624 M.
1234 2583 1432 2638 rursum)
1471 2584 1576 2635 figu-

156 2657 245 2682 iam
277 2641 466 2695 icpet1t“
505 2640 554 2681 R.

249 2709 319 2762 ¹²)
350 2710 476 2750 Rom.
507 2710 578 2759 VI,
607 2711 645 2752 6

250 2778 320 2832 13’)
349 2779 460 2821 Edd.
497 2780 559 2822 M.
600 2791 636 2820 et
681 2780 729 2820 R.
774 2780 858 2821 hoc
890 2780 1003 2829 loco,
1037 2781 1109 2820 csr.
1141 2794 1232 2834 pag.
1261 2777 1356 2821 389.
1393 2791 1482 2823 not.
1516 2779 1578 2822 10.

162 2834 408 2885 „crucifixus
439 2847 496 2879 est
525 2836 575 2887 ei,
604 2841 674 2877 ut“
706 2847 779 2877 etc.
