<?xml version="1.0" encoding="UTF-8"?>
<!DOCTYPE html PUBLIC "-//W3C//DTD XHTML 1.0 Transitional//EN"
    "http://www.w3.org/TR/xhtml1/DTD/xhtml1-transitional.dtd">
<html xmlns="http://www.w3.org/1999/xhtml" xml:lang="en" lang="en">
 <head>
  <title>
</title>
<meta http-equiv="Content-Type" content="text/html;charset=utf-8" />
  <meta name='ocr-system' content='tesseract 3.04.00' />
  <meta name='ocr-capabilities' content='ocr_page ocr_carea ocr_par ocr_line ocrx_word'/>
</head>
<body>
  <div class='ocr_page' id='page_1' title='image "./operaomniaquaegr06orig_0189.png"; bbox 0 0 1788 3111; ppageno 0'>
   <div class='ocr_carea' id='block_1_1' title="bbox 487 126 1529 175">
    <p class='ocr_par' dir='ltr' id='par_1_1' title="bbox 487 126 1529 175">
     <span class='ocr_line' id='line_1_1' title="bbox 487 126 1529 175; baseline 0.002 -5"><span class='ocrx_word' id='word_1_1' title='bbox 487 127 927 171; x_wconf 71' lang='lat' dir='ltr'><strong>Commnnrffloaum</strong></span> <span class='ocrx_word' id='word_1_2' title='bbox 957 128 1047 169; x_wconf 80' lang='lat' dir='ltr'><strong>Lm.</strong></span> <span class='ocrx_word' id='word_1_3' title='bbox 1079 126 1150 171; x_wconf 88' lang='lat' dir='ltr'><strong>III.</strong></span> <span class='ocrx_word' id='word_1_4' title='bbox 1447 131 1529 175; x_wconf 84' lang='lat'><strong>177</strong></span> 
     </span>
    </p>
   </div>
   <div class='ocr_carea' id='block_1_2' title="bbox 105 239 1535 1904">
    <p class='ocr_par' dir='ltr' id='par_1_2' title="bbox 105 239 1535 1904">
     <span class='ocr_line' id='line_1_2' title="bbox 108 239 1527 298; baseline 0 -15"><span class='ocrx_word' id='word_1_5' title='bbox 108 242 154 284; x_wconf 83' lang='lat' dir='ltr'><strong>in</strong></span> <span class='ocrx_word' id='word_1_6' title='bbox 184 240 261 292; x_wconf 85' lang='lat' dir='ltr'><strong>his,</strong></span> <span class='ocrx_word' id='word_1_7' title='bbox 289 256 398 298; x_wconf 85' lang='lat' dir='ltr'><strong>quac</strong></span> <span class='ocrx_word' id='word_1_8' title='bbox 430 252 578 283; x_wconf 84' lang='lat' dir='ltr'><strong>contra</strong></span> <span class='ocrx_word' id='word_1_9' title='bbox 606 241 741 293; x_wconf 83' lang='lat' dir='ltr'><strong>legem</strong></span> <span class='ocrx_word' id='word_1_10' title='bbox 770 240 911 281; x_wconf 81' lang='lat' dir='ltr'><strong>facere</strong></span> <span class='ocrx_word' id='word_1_11' title='bbox 939 239 1147 281; x_wconf 79' lang='lat' dir='ltr'><strong>videntur.</strong></span> <span class='ocrx_word' id='word_1_12' title='bbox 1194 239 1380 296; x_wconf 85' lang='lat' dir='ltr'>Propter</span> <span class='ocrx_word' id='word_1_13' title='bbox 1408 242 1527 298; x_wconf 88' lang='lat' dir='ltr'><strong>quod</strong></span> 
     </span>
     <span class='ocr_line' id='line_1_3' title="bbox 111 316 1528 374; baseline -0.001 -14"><span class='ocrx_word' id='word_1_14' title='bbox 111 330 150 360; x_wconf 85' lang='lat' dir='ltr'><strong>et</strong></span> <span class='ocrx_word' id='word_1_15' title='bbox 181 330 489 374; x_wconf 85' lang='lat' dir='ltr'><strong>consequenter</strong></span> <span class='ocrx_word' id='word_1_16' title='bbox 518 317 623 359; x_wconf 89' lang='lat' dir='ltr'><strong>mihi</strong></span> <span class='ocrx_word' id='word_1_17' title='bbox 659 318 855 359; x_wconf 80' lang='lat' dir='ltr'><strong>videntur</strong></span> <span class='ocrx_word' id='word_1_18' title='bbox 884 316 1039 372; x_wconf 89' lang='lat' dir='ltr'><strong>vere¹)</strong></span> <span class='ocrx_word' id='word_1_19' title='bbox 1076 316 1250 358; x_wconf 83' lang='lat' dir='ltr'><strong>sensisse</strong></span> <span class='ocrx_word' id='word_1_20' title='bbox 1286 317 1413 374; x_wconf 80' lang='lat' dir='ltr'><strong>hi,2)</strong></span> <span class='ocrx_word' id='word_1_21' title='bbox 1454 318 1528 373; x_wconf 85' lang='lat' dir='ltr'><strong>qui</strong></span> 
     </span>
     <span class='ocr_line' id='line_1_4' title="bbox 108 392 1526 449; baseline 0 -13"><span class='ocrx_word' id='word_1_22' title='bbox 108 396 244 447; x_wconf 86' lang='lat' dir='ltr'><strong>legem</strong></span> <span class='ocrx_word' id='word_1_23' title='bbox 281 407 458 437; x_wconf 82' lang='lat' dir='ltr'><strong>naturae</strong></span> <span class='ocrx_word' id='word_1_24' title='bbox 494 395 628 446; x_wconf 83' lang='lat' dir='ltr'><strong>legem</strong></span> <span class='ocrx_word' id='word_1_25' title='bbox 658 392 742 434; x_wconf 85' lang='lat' dir='ltr'><strong>Dei</strong></span> <span class='ocrx_word' id='word_1_26' title='bbox 773 393 942 444; x_wconf 85' lang='lat' dir='ltr'><strong>dicunt,</strong></span> <span class='ocrx_word' id='word_1_27' title='bbox 983 395 1119 445; x_wconf 81' lang='lat' dir='ltr'><strong>legem</strong></span> <span class='ocrx_word' id='word_1_28' title='bbox 1137 392 1182 449; x_wconf 88' lang='grc'><strong>3)</strong></span> <span class='ocrx_word' id='word_1_29' title='bbox 1223 405 1360 434; x_wconf 81' lang='lat' dir='ltr'><strong>autem</strong></span> <span class='ocrx_word' id='word_1_30' title='bbox 1392 393 1526 437; x_wconf 87' lang='lat' dir='ltr'><strong>Mosis</strong></span> 
     </span>
     <span class='ocr_line' id='line_1_5' title="bbox 108 470 1527 527; baseline -0.001 -14"><span class='ocrx_word' id='word_1_31' title='bbox 108 473 244 524; x_wconf 82' lang='lat' dir='ltr'><strong>legem</strong></span> <span class='ocrx_word' id='word_1_32' title='bbox 276 472 475 527; x_wconf 79' lang='lat' dir='ltr'><strong>scriptam</strong></span> <span class='ocrx_word' id='word_1_33' title='bbox 510 471 737 526; x_wconf 83' lang='lat' dir='ltr'><strong>appellant.</strong></span> <span class='ocrx_word' id='word_1_34' title='bbox 782 470 828 512; x_wconf 89' lang='lat' dir='ltr'><strong>Si</strong></span> <span class='ocrx_word' id='word_1_35' title='bbox 849 485 946 522; x_wconf 84' lang='lat' dir='ltr'><strong>ergo</strong></span> <span class='ocrx_word' id='word_1_36' title='bbox 969 470 1126 512; x_wconf 80' lang='lat' dir='ltr'><strong>Paulus</strong></span> <span class='ocrx_word' id='word_1_37' title='bbox 1158 471 1209 511; x_wconf 90' lang='lat' dir='ltr'><strong>de</strong></span> <span class='ocrx_word' id='word_1_38' title='bbox 1239 471 1330 521; x_wconf 86' lang='lat' dir='ltr'><strong>lege</strong></span> <span class='ocrx_word' id='word_1_39' title='bbox 1359 471 1527 526; x_wconf 84' lang='lat' dir='ltr'><strong>scripta,</strong></span> 
     </span>
     <span class='ocr_line' id='line_1_6' title="bbox 108 546 1526 603; baseline -0.001 -13"><span class='ocrx_word' id='word_1_40' title='bbox 108 548 194 590; x_wconf 88' lang='lat' dir='ltr'><strong>hoc</strong></span> <span class='ocrx_word' id='word_1_41' title='bbox 225 560 296 598; x_wconf 88' lang='lat' dir='ltr'><strong>est,</strong></span> <span class='ocrx_word' id='word_1_42' title='bbox 326 550 379 590; x_wconf 84' lang='lat' dir='ltr'><strong>de</strong></span> <span class='ocrx_word' id='word_1_43' title='bbox 397 550 487 599; x_wconf 86' lang='lat' dir='ltr'><strong>lege</strong></span> <span class='ocrx_word' id='word_1_44' title='bbox 503 547 636 588; x_wconf 85' lang='lat' dir='ltr'><strong>Mosis</strong></span> <span class='ocrx_word' id='word_1_45' title='bbox 658 547 836 589; x_wconf 86' lang='lat' dir='ltr'><strong>diceret:</strong></span> <span class='ocrx_word' id='word_1_46' title='bbox 868 559 1115 603; x_wconf 77' lang='lat' dir='ltr'><strong>„peccatum</strong></span> <span class='ocrx_word' id='word_1_47' title='bbox 1133 546 1177 602; x_wconf 53' lang='grc' dir='ltr'><strong>ι3)</strong></span> <span class='ocrx_word' id='word_1_48' title='bbox 1209 559 1348 588; x_wconf 85' lang='lat' dir='ltr'><strong>autem</strong></span> <span class='ocrx_word' id='word_1_49' title='bbox 1373 548 1526 602; x_wconf 77' lang='lat' dir='ltr'><strong>non5)</strong></span> 
     </span>
     <span class='ocr_line' id='line_1_7' title="bbox 109 623 1526 681; baseline -0.001 -15"><span class='ocrx_word' id='word_1_50' title='bbox 109 625 363 681; x_wconf 74' lang='lat' dir='ltr'><strong>imputatur,</strong></span> <span class='ocrx_word' id='word_1_51' title='bbox 402 642 499 666; x_wconf 88' lang='lat' dir='ltr'><strong>cum</strong></span> <span class='ocrx_word' id='word_1_52' title='bbox 529 625 595 665; x_wconf 87' lang='lat' dir='ltr'><strong>lex</strong></span> <span class='ocrx_word' id='word_1_53' title='bbox 625 640 718 665; x_wconf 85' lang='lat' dir='ltr'><strong>non</strong></span> <span class='ocrx_word' id='word_1_54' title='bbox 749 630 860 665; x_wconf 84' lang='lat' dir='ltr'><strong>est:“</strong></span> <span class='ocrx_word' id='word_1_55' title='bbox 904 624 1113 666; x_wconf 82' lang='lat' dir='ltr'><strong>videbitur</strong></span> <span class='ocrx_word' id='word_1_56' title='bbox 1148 640 1227 665; x_wconf 90' lang='lat' dir='ltr'><strong>nec</strong></span> <span class='ocrx_word' id='word_1_57' title='bbox 1260 623 1367 665; x_wconf 80' lang='lat' dir='ltr'><strong>Cain</strong></span> <span class='ocrx_word' id='word_1_58' title='bbox 1400 641 1526 680; x_wconf 88' lang='lat' dir='ltr'><strong>repu-</strong></span> 
     </span>
     <span class='ocr_line' id='line_1_8' title="bbox 106 700 1527 757; baseline -0.002 -14"><span class='ocrx_word' id='word_1_59' title='bbox 106 713 242 743; x_wconf 82' lang='lat' dir='ltr'><strong>tatum</strong></span> <span class='ocrx_word' id='word_1_60' title='bbox 273 717 356 744; x_wconf 90' lang='lat' dir='ltr'><strong>esse</strong></span> <span class='ocrx_word' id='word_1_61' title='bbox 384 711 621 757; x_wconf 87' lang='lat' dir='ltr'><strong>peccatum,</strong></span> <span class='ocrx_word' id='word_1_62' title='bbox 651 716 730 741; x_wconf 93' lang='lat' dir='ltr'><strong>nec</strong></span> <span class='ocrx_word' id='word_1_63' title='bbox 762 700 855 751; x_wconf 86' lang='lat' dir='ltr'><strong>illis,</strong></span> <span class='ocrx_word' id='word_1_64' title='bbox 892 701 965 757; x_wconf 89' lang='lat' dir='ltr'><strong>qui</strong></span> <span class='ocrx_word' id='word_1_65' title='bbox 998 702 1157 743; x_wconf 86' lang='lat' dir='ltr'><strong>diluvio</strong></span> <span class='ocrx_word' id='word_1_66' title='bbox 1189 701 1420 756; x_wconf 85' lang='lat' dir='ltr'><strong>perierunt,</strong></span> <span class='ocrx_word' id='word_1_67' title='bbox 1448 717 1527 741; x_wconf 84' lang='lat' dir='ltr'><strong>nec</strong></span> 
     </span>
     <span class='ocr_line' id='line_1_9' title="bbox 108 776 1527 834; baseline 0 -15"><span class='ocrx_word' id='word_1_68' title='bbox 108 778 211 828; x_wconf 84' lang='lat' dir='ltr'><strong>illis,</strong></span> <span class='ocrx_word' id='word_1_69' title='bbox 250 795 356 834; x_wconf 91' lang='lat' dir='ltr'><strong>quos</strong></span> <span class='ocrx_word' id='word_1_70' title='bbox 394 777 440 818; x_wconf 83' lang='lat' dir='ltr'><strong>in</strong></span> <span class='ocrx_word' id='word_1_71' title='bbox 473 776 676 819; x_wconf 79' lang='lat' dir='ltr'><strong>Sodomis</strong></span> <span class='ocrx_word' id='word_1_72' title='bbox 706 776 810 828; x_wconf 84' lang='lat' dir='ltr'><strong>ignis</strong></span> <span class='ocrx_word' id='word_1_73' title='bbox 845 779 1053 820; x_wconf 83' lang='lat' dir='ltr'><strong>absumsit.</strong></span> <span class='ocrx_word' id='word_1_74' title='bbox 1113 778 1200 819; x_wconf 84' lang='lat' dir='ltr'><strong>Sed</strong></span> <span class='ocrx_word' id='word_1_75' title='bbox 1230 778 1434 833; x_wconf 80' lang='lat' dir='ltr'><strong>quoniam</strong></span> <span class='ocrx_word' id='word_1_76' title='bbox 1467 778 1527 819; x_wconf 86' lang='lat' dir='ltr'><strong>vi-</strong></span> 
     </span>
     <span class='ocr_line' id='line_1_10' title="bbox 109 854 1526 910; baseline -0.002 -13"><span class='ocrx_word' id='word_1_77' title='bbox 109 856 257 898; x_wconf 83' lang='lat' dir='ltr'><strong>demus</strong></span> <span class='ocrx_word' id='word_1_78' title='bbox 285 855 364 897; x_wconf 82' lang='lat' dir='ltr'><strong>illis</strong></span> <span class='ocrx_word' id='word_1_79' title='bbox 394 870 485 895; x_wconf 86' lang='lat' dir='ltr'><strong>non</strong></span> <span class='ocrx_word' id='word_1_80' title='bbox 518 854 660 895; x_wconf 90' lang='lat' dir='ltr'><strong>solum</strong></span> <span class='ocrx_word' id='word_1_81' title='bbox 691 864 883 909; x_wconf 84' lang='lat' dir='ltr'><strong>reputata</strong></span> <span class='ocrx_word' id='word_1_82' title='bbox 916 870 1001 895; x_wconf 87' lang='lat' dir='ltr'><strong>esse</strong></span> <span class='ocrx_word' id='word_1_83' title='bbox 1031 866 1217 910; x_wconf 82' lang='lat' dir='ltr'><strong>peccata,</strong></span> <span class='ocrx_word' id='word_1_84' title='bbox 1246 855 1319 895; x_wconf 88' lang='lat' dir='ltr'><strong>sed</strong></span> <span class='ocrx_word' id='word_1_85' title='bbox 1342 866 1381 894; x_wconf 88' lang='lat' dir='ltr'><strong>et</strong></span> <span class='ocrx_word' id='word_1_86' title='bbox 1400 854 1526 895; x_wconf 84' lang='lat' dir='ltr'><strong>ultio-</strong></span> 
     </span>
     <span class='ocr_line' id='line_1_11' title="bbox 106 930 1528 983; baseline 0 -11"><span class='ocrx_word' id='word_1_87' title='bbox 106 949 205 974; x_wconf 86' lang='lat' dir='ltr'><strong>nem</strong></span> <span class='ocrx_word' id='word_1_88' title='bbox 244 931 290 972; x_wconf 88' lang='lat' dir='ltr'><strong>in</strong></span> <span class='ocrx_word' id='word_1_89' title='bbox 327 947 398 972; x_wconf 90' lang='lat' dir='ltr'><strong>eos</strong></span> <span class='ocrx_word' id='word_1_90' title='bbox 440 931 604 981; x_wconf 80' lang='lat' dir='ltr'><strong>datam,</strong></span> <span class='ocrx_word' id='word_1_91' title='bbox 646 930 881 972; x_wconf 87' lang='lat' dir='ltr'><strong>ostenditur</strong></span> <span class='ocrx_word' id='word_1_92' title='bbox 913 947 961 971; x_wconf 82' lang='lat' dir='ltr'><strong>ex</strong></span> <span class='ocrx_word' id='word_1_93' title='bbox 1000 931 1084 980; x_wconf 85' lang='lat' dir='ltr'><strong>his,</strong></span> <span class='ocrx_word' id='word_1_94' title='bbox 1125 933 1177 972; x_wconf 88' lang='lat' dir='ltr'><strong>de</strong></span> <span class='ocrx_word' id='word_1_95' title='bbox 1215 930 1398 973; x_wconf 85' lang='lat' dir='ltr'><strong>naturali</strong></span> <span class='ocrx_word' id='word_1_96' title='bbox 1437 932 1528 983; x_wconf 83' lang='lat' dir='ltr'><strong>lege</strong></span> 
     </span>
     <span class='ocr_line' id='line_1_12' title="bbox 105 1006 1526 1064; baseline 0 -16"><span class='ocrx_word' id='word_1_97' title='bbox 105 1008 290 1049; x_wconf 83' lang='lat' dir='ltr'><strong>Paulum</strong></span> <span class='ocrx_word' id='word_1_98' title='bbox 321 1007 486 1056; x_wconf 84' lang='lat' dir='ltr'>dicere,</span> <span class='ocrx_word' id='word_1_99' title='bbox 516 1023 643 1063; x_wconf 78' lang='lat' dir='ltr'><strong>quae,</strong></span> <span class='ocrx_word' id='word_1_100' title='bbox 682 1018 851 1063; x_wconf 85' lang='lat' dir='ltr'><strong>excepta</strong></span> <span class='ocrx_word' id='word_1_101' title='bbox 881 1006 1021 1063; x_wconf 87' lang='lat' dir='ltr'><strong>prima</strong></span> <span class='ocrx_word' id='word_1_102' title='bbox 1053 1019 1185 1049; x_wconf 83' lang='lat' dir='ltr'><strong>aetate</strong></span> <span class='ocrx_word' id='word_1_103' title='bbox 1216 1008 1443 1064; x_wconf 80' lang='lat' dir='ltr'><strong>pueritiae,</strong></span> <span class='ocrx_word' id='word_1_104' title='bbox 1482 1008 1526 1049; x_wconf 84' lang='lat' dir='ltr'><strong>in</strong></span> 
     </span>
     <span class='ocr_line' id='line_1_13' title="bbox 111 1083 1527 1140; baseline -0.001 -15"><span class='ocrx_word' id='word_1_105' title='bbox 111 1084 310 1125; x_wconf 84' lang='lat' dir='ltr'><strong>omnibus</strong></span> <span class='ocrx_word' id='word_1_106' title='bbox 349 1083 597 1125; x_wconf 82' lang='lat' dir='ltr'><strong>hominibus</strong></span> <span class='ocrx_word' id='word_1_107' title='bbox 645 1083 774 1126; x_wconf 84' lang='lat' dir='ltr'><strong>inest:</strong></span> <span class='ocrx_word' id='word_1_108' title='bbox 825 1096 863 1125; x_wconf 90' lang='lat' dir='ltr'><strong>et</strong></span> <span class='ocrx_word' id='word_1_109' title='bbox 901 1100 979 1140; x_wconf 87' lang='lat' dir='ltr'><strong>per</strong></span> <span class='ocrx_word' id='word_1_110' title='bbox 1017 1083 1102 1125; x_wconf 90' lang='lat' dir='ltr'><strong>hoc</strong></span> <span class='ocrx_word' id='word_1_111' title='bbox 1140 1084 1368 1127; x_wconf 76' lang='lat' dir='ltr'><strong>rectissime</strong></span> <span class='ocrx_word' id='word_1_112' title='bbox 1405 1084 1527 1126; x_wconf 83' lang='lat' dir='ltr'><strong>dicit:</strong></span> 
     </span>
     <span class='ocr_line' id='line_1_14' title="bbox 106 1158 1526 1217; baseline 0 -15"><span class='ocrx_word' id='word_1_113' title='bbox 106 1161 289 1211; x_wconf 80' lang='lat' dir='ltr'><strong>„causati</strong></span> <span class='ocrx_word' id='word_1_114' title='bbox 306 1160 352 1217; x_wconf 72' lang='lat'><strong>6)</strong></span> <span class='ocrx_word' id='word_1_115' title='bbox 394 1161 507 1202; x_wconf 85' lang='lat' dir='ltr'><strong>enim</strong></span> <span class='ocrx_word' id='word_1_116' title='bbox 547 1177 714 1211; x_wconf 87' lang='lat' dir='ltr'><strong>sumus,</strong></span> <span class='ocrx_word' id='word_1_117' title='bbox 752 1163 940 1204; x_wconf 80' lang='lat' dir='ltr'><strong>Judaeos</strong></span> <span class='ocrx_word' id='word_1_118' title='bbox 972 1171 1011 1202; x_wconf 90' lang='lat' dir='ltr'><strong>et</strong></span> <span class='ocrx_word' id='word_1_119' title='bbox 1042 1158 1232 1203; x_wconf 84' lang='lat' dir='ltr'><strong>Graecos</strong></span> <span class='ocrx_word' id='word_1_120' title='bbox 1270 1179 1417 1203; x_wconf 89' lang='lat' dir='ltr'><strong>omncs</strong></span> <span class='ocrx_word' id='word_1_121' title='bbox 1448 1163 1526 1203; x_wconf 88' lang='lat' dir='ltr'><strong>sub</strong></span> 
     </span>
     <span class='ocr_line' id='line_1_15' title="bbox 106 1236 1528 1294; baseline 0 -16"><span class='ocrx_word' id='word_1_122' title='bbox 106 1249 282 1293; x_wconf 86' lang='lat' dir='ltr'><strong>peccato</strong></span> <span class='ocrx_word' id='word_1_123' title='bbox 334 1243 464 1280; x_wconf 89' lang='lat' dir='ltr'><strong>esse.“</strong></span> <span class='ocrx_word' id='word_1_124' title='bbox 533 1237 662 1278; x_wconf 82' lang='lat' dir='ltr'><strong>Unde</strong></span> <span class='ocrx_word' id='word_1_125' title='bbox 701 1254 794 1278; x_wconf 89' lang='lat' dir='ltr'><strong>non</strong></span> <span class='ocrx_word' id='word_1_126' title='bbox 843 1237 951 1277; x_wconf 83' lang='lat' dir='ltr'><strong>mihi</strong></span> <span class='ocrx_word' id='word_1_127' title='bbox 988 1236 1153 1278; x_wconf 81' lang='lat' dir='ltr'><strong>videtur</strong></span> <span class='ocrx_word' id='word_1_128' title='bbox 1172 1237 1216 1294; x_wconf 81' lang='grc'><strong>7)</strong></span> <span class='ocrx_word' id='word_1_129' title='bbox 1261 1239 1434 1294; x_wconf 79' lang='lat' dir='ltr'><strong>quidam</strong></span> <span class='ocrx_word' id='word_1_130' title='bbox 1480 1255 1528 1279; x_wconf 81' lang='lat' dir='ltr'><strong>ex</strong></span> 
     </span>
     <span class='ocr_line' id='line_1_16' title="bbox 107 1313 1528 1370; baseline 0.001 -15"><span class='ocrx_word' id='word_1_131' title='bbox 107 1314 365 1370; x_wconf 84' lang='lat' dir='ltr'><strong>sapientibus</strong></span> <span class='ocrx_word' id='word_1_132' title='bbox 414 1325 562 1355; x_wconf 87' lang='lat' dir='ltr'><strong>contra</strong></span> <span class='ocrx_word' id='word_1_133' title='bbox 610 1313 820 1354; x_wconf 80' lang='lat' dir='ltr'><strong>rationem</strong></span> <span class='ocrx_word' id='word_1_134' title='bbox 875 1314 1091 1363; x_wconf 85' lang='lat' dir='ltr'><strong>definisse,</strong></span> <span class='ocrx_word' id='word_1_135' title='bbox 1150 1317 1266 1369; x_wconf 87' lang='lat' dir='ltr'><strong>quod</strong></span> <span class='ocrx_word' id='word_1_136' title='bbox 1317 1315 1362 1356; x_wconf 85' lang='lat' dir='ltr'><strong>in</strong></span> <span class='ocrx_word' id='word_1_137' title='bbox 1408 1316 1528 1356; x_wconf 84' lang='lat' dir='ltr'><strong>omni</strong></span> 
     </span>
     <span class='ocr_line' id='line_1_17' title="bbox 107 1390 1526 1442; baseline 0.001 -12"><span class='ocrx_word' id='word_1_138' title='bbox 107 1391 353 1432; x_wconf 76' lang='lat' dir='ltr'><strong>mox-taliam</strong></span> <span class='ocrx_word' id='word_1_139' title='bbox 386 1405 560 1442; x_wconf 84' lang='lat' dir='ltr'><strong>genere,</strong></span> <span class='ocrx_word' id='word_1_140' title='bbox 601 1406 698 1430; x_wconf 88' lang='lat' dir='ltr'><strong>cum</strong></span> <span class='ocrx_word' id='word_1_141' title='bbox 732 1391 786 1430; x_wconf 83' lang='lat' dir='ltr'><strong>ad</strong></span> <span class='ocrx_word' id='word_1_142' title='bbox 816 1390 861 1432; x_wconf 89' lang='lat' dir='ltr'><strong>id</strong></span> <span class='ocrx_word' id='word_1_143' title='bbox 891 1390 1032 1432; x_wconf 83' lang='lat' dir='ltr'><strong>aetatis</strong></span> <span class='ocrx_word' id='word_1_144' title='bbox 1061 1402 1229 1432; x_wconf 77' lang='lat' dir='ltr'><strong>ventum</strong></span> <span class='ocrx_word' id='word_1_145' title='bbox 1262 1392 1409 1440; x_wconf 85' lang='lat' dir='ltr'><strong>fuerit,</strong></span> <span class='ocrx_word' id='word_1_146' title='bbox 1451 1391 1526 1432; x_wconf 88' lang='lat' dir='ltr'><strong>ubi</strong></span> 
     </span>
     <span class='ocr_line' id='line_1_18' title="bbox 108 1465 1527 1522; baseline 0 -14"><span class='ocrx_word' id='word_1_147' title='bbox 108 1467 405 1509; x_wconf 78' lang='lat' dir='ltr'><strong>discretionem</strong></span> <span class='ocrx_word' id='word_1_148' title='bbox 455 1467 558 1507; x_wconf 84' lang='lat' dir='ltr'><strong>recti</strong></span> <span class='ocrx_word' id='word_1_149' title='bbox 604 1465 810 1522; x_wconf 82' lang='lat' dir='ltr'><strong>pravique</strong></span> <span class='ocrx_word' id='word_1_150' title='bbox 863 1465 1051 1518; x_wconf 86' lang='lat' dir='ltr'><strong>ingressu</strong></span> <span class='ocrx_word' id='word_1_151' title='bbox 1073 1465 1118 1522; x_wconf 70' lang='grc'><strong>8)</strong></span> <span class='ocrx_word' id='word_1_152' title='bbox 1179 1468 1380 1509; x_wconf 78' lang='lat' dir='ltr'><strong>naturalis</strong></span> <span class='ocrx_word' id='word_1_153' title='bbox 1428 1469 1527 1519; x_wconf 82' lang='lat' dir='ltr'><strong>legis</strong></span> 
     </span>
     <span class='ocr_line' id='line_1_19' title="bbox 109 1542 1527 1600; baseline 0.001 -17"><span class='ocrx_word' id='word_1_154' title='bbox 109 1543 201 1598; x_wconf 82' lang='lat' dir='ltr'><strong>quis</strong></span> <span class='ocrx_word' id='word_1_155' title='bbox 220 1543 265 1599; x_wconf 79' lang='lat'><strong>9)</strong></span> <span class='ocrx_word' id='word_1_156' title='bbox 307 1543 504 1598; x_wconf 81' lang='lat' dir='ltr'><strong>excipiat,</strong></span> <span class='ocrx_word' id='word_1_157' title='bbox 542 1543 683 1598; x_wconf 87' lang='lat' dir='ltr'><strong>primo</strong></span> <span class='ocrx_word' id='word_1_158' title='bbox 726 1542 919 1583; x_wconf 85' lang='lat' dir='ltr'><strong>omnium</strong></span> <span class='ocrx_word' id='word_1_159' title='bbox 948 1543 1155 1584; x_wconf 82' lang='lat' dir='ltr'><strong>malitiam</strong></span> <span class='ocrx_word' id='word_1_160' title='bbox 1183 1544 1393 1593; x_wconf 80' lang='lat' dir='ltr'><strong>suscitari,</strong></span> <span class='ocrx_word' id='word_1_161' title='bbox 1431 1556 1527 1600; x_wconf 87' lang='lat' dir='ltr'><strong>post</strong></span> 
     </span>
     <span class='ocr_line' id='line_1_20' title="bbox 105 1617 1525 1676; baseline 0.003 -18"><span class='ocrx_word' id='word_1_162' title='bbox 105 1618 211 1659; x_wconf 83' lang='lat' dir='ltr'><strong>haec</strong></span> <span class='ocrx_word' id='word_1_163' title='bbox 240 1617 326 1675; x_wconf 83' lang='lat' dir='ltr'><strong>jam</strong></span> <span class='ocrx_word' id='word_1_164' title='bbox 358 1619 690 1667; x_wconf 86' lang='lat' dir='ltr'><strong>eruditionibus,</strong></span> <span class='ocrx_word' id='word_1_165' title='bbox 730 1619 948 1669; x_wconf 84' lang='lat' dir='ltr'><strong>institutis,</strong></span> <span class='ocrx_word' id='word_1_166' title='bbox 985 1619 1155 1662; x_wconf 84' lang='lat' dir='ltr'><strong>monitis</strong></span> <span class='ocrx_word' id='word_1_167' title='bbox 1196 1621 1400 1676; x_wconf 78' lang='lat' dir='ltr'><strong>paulatim</strong></span> <span class='ocrx_word' id='word_1_168' title='bbox 1433 1638 1525 1662; x_wconf 85' lang='lat' dir='ltr'><strong>eam</strong></span> 
     </span>
     <span class='ocr_line' id='line_1_21' title="bbox 106 1695 1535 1751; baseline 0.001 -15"><span class='ocrx_word' id='word_1_169' title='bbox 106 1696 286 1751; x_wconf 81' lang='lat' dir='ltr'><strong>depelli,</strong></span> <span class='ocrx_word' id='word_1_170' title='bbox 334 1706 374 1737; x_wconf 86' lang='lat' dir='ltr'><strong>et</strong></span> <span class='ocrx_word' id='word_1_171' title='bbox 417 1696 471 1736; x_wconf 79' lang='lat' dir='ltr'><strong>ad</strong></span> <span class='ocrx_word' id='word_1_172' title='bbox 513 1695 704 1736; x_wconf 81' lang='lat' dir='ltr'><strong>virtutem</strong></span> <span class='ocrx_word' id='word_1_173' title='bbox 743 1695 924 1737; x_wconf 80' lang='lat' dir='ltr'><strong>transiri.</strong></span> <span class='ocrx_word' id='word_1_174' title='bbox 997 1695 1202 1737; x_wconf 86' lang='lat' dir='ltr'><strong>Consona</strong></span> <span class='ocrx_word' id='word_1_175' title='bbox 1237 1713 1425 1751; x_wconf 83' lang='lat' dir='ltr'><strong>namque</strong></span> <span class='ocrx_word' id='word_1_176' title='bbox 1465 1697 1535 1739; x_wconf 71' lang='lat' dir='ltr'><strong>his</strong></span> 
     </span>
     <span class='ocr_line' id='line_1_22' title="bbox 105 1770 1526 1829; baseline 0.001 -17"><span class='ocrx_word' id='word_1_177' title='bbox 105 1772 230 1813; x_wconf 81' lang='lat' dir='ltr'><strong>etiam</strong></span> <span class='ocrx_word' id='word_1_178' title='bbox 270 1771 427 1814; x_wconf 76' lang='lat' dir='ltr'><strong>Paulus</strong></span> <span class='ocrx_word' id='word_1_179' title='bbox 466 1771 573 1812; x_wconf 85' lang='lat' dir='ltr'><strong>mihi</strong></span> <span class='ocrx_word' id='word_1_180' title='bbox 617 1770 790 1813; x_wconf 83' lang='lat' dir='ltr'><strong>sensisse</strong></span> <span class='ocrx_word' id='word_1_181' title='bbox 825 1771 991 1813; x_wconf 82' lang='lat' dir='ltr'><strong>videtur</strong></span> <span class='ocrx_word' id='word_1_182' title='bbox 1033 1772 1079 1814; x_wconf 82' lang='lat' dir='ltr'><strong>in</strong></span> <span class='ocrx_word' id='word_1_183' title='bbox 1122 1788 1197 1823; x_wconf 91' lang='lat' dir='ltr'><strong>eo,</strong></span> <span class='ocrx_word' id='word_1_184' title='bbox 1245 1775 1363 1829; x_wconf 90' lang='lat' dir='ltr'><strong>quod</strong></span> <span class='ocrx_word' id='word_1_185' title='bbox 1402 1774 1526 1815; x_wconf 85' lang='lat' dir='ltr'><strong>dicit:</strong></span> 
     </span>
     <span class='ocr_line' id='line_1_23' title="bbox 106 1846 1527 1904; baseline 0.001 -15"><span class='ocrx_word' id='word_1_186' title='bbox 106 1850 208 1898; x_wconf 89' lang='lat' dir='ltr'><strong>„sed</strong></span> <span class='ocrx_word' id='word_1_187' title='bbox 228 1846 298 1903; x_wconf 88' lang='lat'><strong>¹⁰)</strong></span> <span class='ocrx_word' id='word_1_188' title='bbox 328 1848 403 1889; x_wconf 86' lang='lat' dir='ltr'><strong>ubi</strong></span> <span class='ocrx_word' id='word_1_189' title='bbox 432 1847 545 1889; x_wconf 84' lang='lat' dir='ltr'><strong>venit</strong></span> <span class='ocrx_word' id='word_1_190' title='bbox 574 1850 847 1899; x_wconf 81' lang='lat' dir='ltr'><strong>mandatum,</strong></span> <span class='ocrx_word' id='word_1_191' title='bbox 878 1861 1100 1904; x_wconf 80' lang='lat' dir='ltr'><strong>peccatum</strong></span> <span class='ocrx_word' id='word_1_192' title='bbox 1131 1849 1314 1891; x_wconf 79' lang='lat' dir='ltr'><strong>revixit.“</strong></span> <span class='ocrx_word' id='word_1_193' title='bbox 1371 1851 1454 1892; x_wconf 85' lang='lat' dir='ltr'><strong>Sed</strong></span> <span class='ocrx_word' id='word_1_194' title='bbox 1488 1862 1527 1891; x_wconf 87' lang='lat' dir='ltr'><strong>et</strong></span> 
     </span>
    </p>
   </div>
   <div class='ocr_carea' id='block_1_3' title="bbox 109 1925 1526 1981">
    <p class='ocr_par' dir='ltr' id='par_1_3' title="bbox 109 1925 1526 1981">
     <span class='ocr_line' id='line_1_24' title="bbox 109 1925 1526 1981; baseline 0.001 -15"><span class='ocrx_word' id='word_1_195' title='bbox 109 1925 323 1975; x_wconf 81' lang='lat' dir='ltr'><strong>Salvator,</strong></span> <span class='ocrx_word' id='word_1_196' title='bbox 362 1943 460 1967; x_wconf 90' lang='lat' dir='ltr'><strong>cum</strong></span> <span class='ocrx_word' id='word_1_197' title='bbox 491 1925 592 1967; x_wconf 85' lang='lat' dir='ltr'><strong>dicit</strong></span> <span class='ocrx_word' id='word_1_198' title='bbox 619 1925 665 1966; x_wconf 88' lang='lat' dir='ltr'><strong>in</strong></span> <span class='ocrx_word' id='word_1_199' title='bbox 693 1925 950 1979; x_wconf 84' lang='lat' dir='ltr'><strong>Evangeliis:</strong></span> <span class='ocrx_word' id='word_1_200' title='bbox 990 1926 1101 1978; x_wconf 84' lang='lat' dir='ltr'><strong>„nisi</strong></span> <span class='ocrx_word' id='word_1_201' title='bbox 1119 1927 1129 1951; x_wconf 91' lang='lat'><strong>¹</strong></span> <span class='ocrx_word' id='word_1_202' title='bbox 1147 1925 1190 1981; x_wconf 68' lang='grc'><strong>1)</strong></span> <span class='ocrx_word' id='word_1_203' title='bbox 1220 1925 1447 1976; x_wconf 86' lang='lat' dir='ltr'><strong>venissem,</strong></span> <span class='ocrx_word' id='word_1_204' title='bbox 1488 1939 1526 1968; x_wconf 83' lang='lat' dir='ltr'><strong>et</strong></span> 
     </span>
    </p>
   </div>
   <div class='ocr_carea' id='block_1_4' title="bbox 225 2063 1498 2119">
    <p class='ocr_par' dir='ltr' id='par_1_4' title="bbox 225 2063 1498 2119">
     <span class='ocr_line' id='line_1_25' title="bbox 225 2063 1498 2119; baseline 0.001 -14"><span class='ocrx_word' id='word_1_205' title='bbox 225 2063 269 2119; x_wconf 87' lang='lat'><strong>¹)</strong></span> <span class='ocrx_word' id='word_1_206' title='bbox 297 2064 429 2106; x_wconf 84' lang='lat' dir='ltr'><strong>Deest</strong></span> <span class='ocrx_word' id='word_1_207' title='bbox 457 2069 603 2114; x_wconf 86' lang='lat' dir='ltr'><strong>„vere“</strong></span> <span class='ocrx_word' id='word_1_208' title='bbox 632 2064 677 2105; x_wconf 85' lang='lat' dir='ltr'><strong>in</strong></span> <span class='ocrx_word' id='word_1_209' title='bbox 708 2066 803 2106; x_wconf 85' lang='lat' dir='ltr'><strong>edd.</strong></span> <span class='ocrx_word' id='word_1_210' title='bbox 833 2065 895 2105; x_wconf 85' lang='lat' dir='ltr'><strong>M.</strong></span> <span class='ocrx_word' id='word_1_211' title='bbox 1013 2065 1061 2119; x_wconf 77' lang='grc'><strong>2)</strong></span> <span class='ocrx_word' id='word_1_212' title='bbox 1090 2065 1200 2107; x_wconf 86' lang='lat' dir='ltr'>Edd.</span> <span class='ocrx_word' id='word_1_213' title='bbox 1228 2064 1424 2105; x_wconf 80' lang='lat' dir='ltr'><strong>Merlini:</strong></span> <span class='ocrx_word' id='word_1_214' title='bbox 1455 2065 1498 2106; x_wconf 84' lang='lat' dir='ltr'><strong>ii.</strong></span> 
     </span>
    </p>
   </div>
   <div class='ocr_carea' id='block_1_5' title="bbox 106 2124 1526 2248">
    <p class='ocr_par' dir='ltr' id='par_1_5' title="bbox 106 2124 1526 2248">
     <span class='ocr_line' id='line_1_26' title="bbox 224 2124 1526 2190; baseline 0.002 -16"><span class='ocrx_word' id='word_1_215' title='bbox 224 2132 271 2188; x_wconf 75' lang='lat'><strong>3)</strong></span> <span class='ocrx_word' id='word_1_216' title='bbox 302 2133 372 2174; x_wconf 88' lang='lat' dir='ltr'><strong>Sic</strong></span> <span class='ocrx_word' id='word_1_217' title='bbox 402 2146 515 2175; x_wconf 84' lang='lat' dir='ltr'><strong>recte</strong></span> <span class='ocrx_word' id='word_1_218' title='bbox 542 2134 649 2175; x_wconf 58' lang='lat' dir='ltr'><strong>Rffsc.</strong></span> <span class='ocrx_word' id='word_1_219' title='bbox 680 2151 801 2175; x_wconf 91' lang='lat' dir='ltr'><strong>unus.</strong></span> <span class='ocrx_word' id='word_1_220' title='bbox 868 2134 984 2175; x_wconf 84' lang='lat' dir='ltr'><strong>Editi</strong></span> <span class='ocrx_word' id='word_1_221' title='bbox 1014 2151 1114 2175; x_wconf 89' lang='lat' dir='ltr'><strong>vero</strong></span> <span class='ocrx_word' id='word_1_222' title='bbox 1146 2134 1203 2190; x_wconf 80' lang='lat' dir='ltr'><strong>(e.</strong></span> <span class='ocrx_word' id='word_1_223' title='bbox 1237 2152 1269 2176; x_wconf 90' lang='lat' dir='ltr'><strong>c.</strong></span> <span class='ocrx_word' id='word_1_224' title='bbox 1303 2124 1396 2176; x_wconf 55' lang='lat' dir='ltr'><strong>e&#39;dd.</strong></span> <span class='ocrx_word' id='word_1_225' title='bbox 1428 2135 1526 2190; x_wconf 70' lang='lat' dir='ltr'><strong>M),</strong></span> 
     </span>
     <span class='ocr_line' id='line_1_27' title="bbox 106 2189 1526 2248; baseline 0.002 -18"><span class='ocrx_word' id='word_1_226' title='bbox 106 2200 146 2230; x_wconf 88' lang='lat' dir='ltr'><strong>et</strong></span> <span class='ocrx_word' id='word_1_227' title='bbox 177 2191 328 2231; x_wconf 81' lang='lat' dir='ltr'><strong>caeteri</strong></span> <span class='ocrx_word' id='word_1_228' title='bbox 357 2189 456 2231; x_wconf 61' lang='lat' dir='ltr'><strong>Blss.</strong></span> <span class='ocrx_word' id='word_1_229' title='bbox 487 2190 622 2231; x_wconf 88' lang='lat' dir='ltr'><strong>nostri</strong></span> <span class='ocrx_word' id='word_1_230' title='bbox 642 2191 820 2230; x_wconf 80' lang='lat' dir='ltr'><strong>habent:</strong></span> <span class='ocrx_word' id='word_1_231' title='bbox 849 2191 1007 2242; x_wconf 81' lang='lat' dir='ltr'><strong>„legem</strong></span> <span class='ocrx_word' id='word_1_232' title='bbox 1029 2202 1168 2248; x_wconf 70' lang='lat' dir='ltr'><strong>autem</strong></span> <span class='ocrx_word' id='word_1_233' title='bbox 1189 2191 1387 2245; x_wconf 77' lang='lat' dir='ltr'><strong>scriptam</strong></span> <span class='ocrx_word' id='word_1_234' title='bbox 1410 2193 1526 2247; x_wconf 85' lang='lat' dir='ltr'><strong>posi-</strong></span> 
     </span>
    </p>
   </div>
   <div class='ocr_carea' id='block_1_6' title="bbox 106 2245 1524 2371">
    <p class='ocr_par' dir='ltr' id='par_1_6' title="bbox 106 2245 1524 2371">
     <span class='ocr_line' id='line_1_28' title="bbox 106 2245 1524 2303; baseline 0.001 -17"><span class='ocrx_word' id='word_1_235' title='bbox 106 2247 223 2287; x_wconf 82' lang='lat' dir='ltr'><strong>tione</strong></span> <span class='ocrx_word' id='word_1_236' title='bbox 239 2245 315 2301; x_wconf 83' lang='lat' dir='ltr'><strong>(al.</strong></span> <span class='ocrx_word' id='word_1_237' title='bbox 330 2247 603 2302; x_wconf 60' lang='lat' dir='ltr'><strong>positioni-5,</strong></span> <span class='ocrx_word' id='word_1_238' title='bbox 623 2247 672 2286; x_wconf 85' lang='lat' dir='ltr'><strong>al.</strong></span> <span class='ocrx_word' id='word_1_239' title='bbox 691 2245 920 2301; x_wconf 75' lang='lat' dir='ltr'><strong>positam)</strong></span> <span class='ocrx_word' id='word_1_240' title='bbox 939 2247 1072 2298; x_wconf 85' lang='lat' dir='ltr'><strong>legem</strong></span> <span class='ocrx_word' id='word_1_241' title='bbox 1092 2262 1175 2288; x_wconf 88' lang='lat' dir='ltr'><strong>esse</strong></span> <span class='ocrx_word' id='word_1_242' title='bbox 1190 2248 1443 2303; x_wconf 76' lang='lat' dir='ltr'><strong>appellant.“</strong></span> <span class='ocrx_word' id='word_1_243' title='bbox 1474 2248 1524 2291; x_wconf 83' lang='lat' dir='ltr'><strong>R.</strong></span> 
     </span>
     <span class='ocr_line' id='line_1_29' title="bbox 221 2314 603 2371; baseline 0 -16"><span class='ocrx_word' id='word_1_244' title='bbox 221 2314 268 2371; x_wconf 78' lang='lat'><strong>⁴²)</strong></span> <span class='ocrx_word' id='word_1_245' title='bbox 298 2315 425 2357; x_wconf 87' lang='lat' dir='ltr'><strong>Rom.</strong></span> <span class='ocrx_word' id='word_1_246' title='bbox 457 2316 508 2365; x_wconf 82' lang='lat' dir='ltr'><strong>V,</strong></span> <span class='ocrx_word' id='word_1_247' title='bbox 537 2315 603 2358; x_wconf 88' lang='grc'><strong>13.</strong></span> 
     </span>
    </p>
   </div>
   <div class='ocr_carea' id='block_1_7' title="bbox 106 2383 1523 2497">
    <p class='ocr_par' dir='ltr' id='par_1_7' title="bbox 106 2383 1523 2497">
     <span class='ocr_line' id='line_1_30' title="bbox 223 2383 1523 2441; baseline 0.002 -15"><span class='ocrx_word' id='word_1_248' title='bbox 223 2384 268 2439; x_wconf 87' lang='lat'><strong>⁵)</strong></span> <span class='ocrx_word' id='word_1_249' title='bbox 296 2385 413 2427; x_wconf 87' lang='lat' dir='ltr'><strong>Editi</strong></span> <span class='ocrx_word' id='word_1_250' title='bbox 427 2386 486 2441; x_wconf 83' lang='lat' dir='ltr'><strong>(e.</strong></span> <span class='ocrx_word' id='word_1_251' title='bbox 501 2383 756 2435; x_wconf 76' lang='lat' dir='ltr'><strong>e.edd.M.):</strong></span> <span class='ocrx_word' id='word_1_252' title='bbox 778 2402 893 2434; x_wconf 89' lang='lat' dir='ltr'><strong>„non</strong></span> <span class='ocrx_word' id='word_1_253' title='bbox 911 2385 1214 2441; x_wconf 78' lang='lat' dir='ltr'><strong>imputabatur,</strong></span> <span class='ocrx_word' id='word_1_254' title='bbox 1232 2403 1327 2427; x_wconf 86' lang='lat' dir='ltr'><strong>cum</strong></span> <span class='ocrx_word' id='word_1_255' title='bbox 1351 2388 1413 2427; x_wconf 82' lang='lat' dir='ltr'><strong>lex</strong></span> <span class='ocrx_word' id='word_1_256' title='bbox 1434 2404 1523 2429; x_wconf 84' lang='lat' dir='ltr'><strong>non</strong></span> 
     </span>
     <span class='ocr_line' id='line_1_31' title="bbox 106 2438 1522 2497; baseline 0.001 -15"><span class='ocrx_word' id='word_1_257' title='bbox 106 2457 191 2483; x_wconf 85' lang='lat' dir='ltr'><strong>esse</strong></span> <span class='ocrx_word' id='word_1_258' title='bbox 211 2442 445 2491; x_wconf 79' lang='lat' dir='ltr'><strong>videbatur,</strong></span> <span class='ocrx_word' id='word_1_259' title='bbox 469 2457 547 2482; x_wconf 88' lang='lat' dir='ltr'><strong>nec</strong></span> <span class='ocrx_word' id='word_1_260' title='bbox 571 2438 678 2480; x_wconf 80' lang='lat' dir='ltr'><strong>Cain</strong></span> <span class='ocrx_word' id='word_1_261' title='bbox 695 2452 935 2497; x_wconf 84' lang='lat' dir='ltr'><strong>reputatum</strong></span> <span class='ocrx_word' id='word_1_262' title='bbox 959 2452 1062 2483; x_wconf 90' lang='lat' dir='ltr'><strong>esset</strong></span> <span class='ocrx_word' id='word_1_263' title='bbox 1078 2448 1342 2497; x_wconf 83' lang='lat' dir='ltr'><strong>peccatum‚“</strong></span> <span class='ocrx_word' id='word_1_264' title='bbox 1365 2454 1440 2484; x_wconf 81' lang='lat' dir='ltr'><strong>etc.</strong></span> <span class='ocrx_word' id='word_1_265' title='bbox 1472 2442 1522 2483; x_wconf 83' lang='lat' dir='ltr'><strong>R.</strong></span> 
     </span>
    </p>
   </div>
   <div class='ocr_carea' id='block_1_8' title="bbox 223 2509 1520 2636">
    <p class='ocr_par' dir='ltr' id='par_1_8' title="bbox 223 2509 1520 2636">
     <span class='ocr_line' id='line_1_32' title="bbox 223 2509 597 2562; baseline -0.005 -11"><span class='ocrx_word' id='word_1_266' title='bbox 223 2509 268 2562; x_wconf 77' lang='lat'><strong>⁶)</strong></span> <span class='ocrx_word' id='word_1_267' title='bbox 299 2511 425 2553; x_wconf 84' lang='lat' dir='ltr'><strong>Rom.</strong></span> <span class='ocrx_word' id='word_1_268' title='bbox 454 2510 529 2560; x_wconf 90' lang='lat' dir='ltr'><strong>III,</strong></span> <span class='ocrx_word' id='word_1_269' title='bbox 558 2510 597 2552; x_wconf 88' lang='lat'><strong>9.</strong></span> 
     </span>
     <span class='ocr_line' id='line_1_33' title="bbox 224 2578 1520 2636; baseline -0.002 -15"><span class='ocrx_word' id='word_1_270' title='bbox 224 2579 268 2634; x_wconf 84' lang='lat'><strong>⁷)</strong></span> <span class='ocrx_word' id='word_1_271' title='bbox 300 2581 413 2622; x_wconf 81' lang='lat' dir='ltr'><strong>Alias</strong></span> <span class='ocrx_word' id='word_1_272' title='bbox 443 2581 503 2636; x_wconf 79' lang='lat' dir='ltr'><strong>(v.</strong></span> <span class='ocrx_word' id='word_1_273' title='bbox 538 2595 571 2621; x_wconf 91' lang='lat' dir='ltr'><strong>c.</strong></span> <span class='ocrx_word' id='word_1_274' title='bbox 601 2579 646 2620; x_wconf 90' lang='lat' dir='ltr'><strong>in</strong></span> <span class='ocrx_word' id='word_1_275' title='bbox 679 2580 774 2621; x_wconf 85' lang='lat' dir='ltr'><strong>edd.</strong></span> <span class='ocrx_word' id='word_1_276' title='bbox 805 2578 912 2633; x_wconf 79' lang='lat' dir='ltr'><strong>M.):</strong></span> <span class='ocrx_word' id='word_1_277' title='bbox 943 2580 1145 2629; x_wconf 85' lang='lat' dir='ltr'><strong>„videtur</strong></span> <span class='ocrx_word' id='word_1_278' title='bbox 1175 2581 1441 2636; x_wconf 74' lang='lat' dir='ltr'><strong>quendan1“;</strong></span> <span class='ocrx_word' id='word_1_279' title='bbox 1472 2581 1520 2621; x_wconf 78' lang='lat' dir='ltr'><strong>al.</strong></span> 
     </span>
    </p>
   </div>
   <div class='ocr_carea' id='block_1_9' title="bbox 105 2634 634 2692">
    <p class='ocr_par' dir='ltr' id='par_1_9' title="bbox 105 2634 634 2692">
     <span class='ocr_line' id='line_1_34' title="bbox 105 2634 634 2692; baseline -0.002 -17"><span class='ocrx_word' id='word_1_280' title='bbox 105 2634 325 2685; x_wconf 75' lang='lat' dir='ltr'><strong>„videntur</strong></span> <span class='ocrx_word' id='word_1_281' title='bbox 356 2637 568 2692; x_wconf 83' lang='lat' dir='ltr'><strong>quidam.“</strong></span> <span class='ocrx_word' id='word_1_282' title='bbox 597 2635 634 2674; x_wconf 86' lang='lat' dir='ltr'>R</span> 
     </span>
    </p>
   </div>
   <div class='ocr_carea' id='block_1_10' title="bbox 194 2703 1325 2901">
    <p class='ocr_par' dir='ltr' id='par_1_10' title="bbox 194 2703 1325 2901">
     <span class='ocr_line' id='line_1_35' title="bbox 221 2703 810 2759; baseline 0.002 -14"><span class='ocrx_word' id='word_1_283' title='bbox 221 2703 267 2759; x_wconf 76' lang='lat'><strong>⁸)</strong></span> <span class='ocrx_word' id='word_1_284' title='bbox 299 2705 378 2746; x_wconf 88' lang='lat' dir='ltr'><strong>Ed.</strong></span> <span class='ocrx_word' id='word_1_285' title='bbox 408 2706 469 2746; x_wconf 88' lang='grc' dir='ltr'><strong>Μ.</strong></span> <span class='ocrx_word' id='word_1_286' title='bbox 500 2705 561 2744; x_wconf 89' lang='lat' dir='ltr'><strong>II:</strong></span> <span class='ocrx_word' id='word_1_287' title='bbox 592 2705 810 2757; x_wconf 82' lang='lat' dir='ltr'><strong>ingressus.</strong></span> 
     </span>
     <span class='ocr_line' id='line_1_36' title="bbox 220 2773 1054 2831; baseline 0.007 -19"><span class='ocrx_word' id='word_1_288' title='bbox 220 2773 266 2827; x_wconf 83' lang='lat'><strong>9)</strong></span> <span class='ocrx_word' id='word_1_289' title='bbox 295 2774 574 2816; x_wconf 85' lang='lat' dir='ltr'><strong>Desideratur</strong></span> <span class='ocrx_word' id='word_1_290' title='bbox 601 2775 727 2831; x_wconf 84' lang='lat' dir='ltr'><strong>„quis</strong></span> <span class='ocrx_word' id='word_1_291' title='bbox 739 2780 764 2800; x_wconf 90' lang='lat'><strong>“</strong></span> <span class='ocrx_word' id='word_1_292' title='bbox 792 2776 839 2819; x_wconf 85' lang='lat' dir='ltr'><strong>in</strong></span> <span class='ocrx_word' id='word_1_293' title='bbox 869 2779 963 2819; x_wconf 85' lang='lat' dir='ltr'><strong>edd.</strong></span> <span class='ocrx_word' id='word_1_294' title='bbox 994 2777 1054 2818; x_wconf 84' lang='lat' dir='ltr'><strong>M.</strong></span> 
     </span>
     <span class='ocr_line' id='line_1_37' title="bbox 194 2842 1325 2901; baseline -0.01 -3"><span class='ocrx_word' id='word_1_295' title='bbox 194 2842 265 2898; x_wconf 72' lang='lat'><strong>¹⁰&gt;</strong></span> <span class='ocrx_word' id='word_1_296' title='bbox 297 2843 423 2885; x_wconf 76' lang='lat' dir='ltr'><strong>Rom·</strong></span> <span class='ocrx_word' id='word_1_297' title='bbox 453 2845 546 2894; x_wconf 70' lang='lat' dir='ltr'><strong>VH,</strong></span> <span class='ocrx_word' id='word_1_298' title='bbox 575 2845 614 2888; x_wconf 89' lang='grc'><strong>9·</strong></span> <span class='ocrx_word' id='word_1_299' title='bbox 741 2846 812 2901; x_wconf 85' lang='lat'><strong>¹¹)</strong></span> <span class='ocrx_word' id='word_1_300' title='bbox 843 2847 916 2891; x_wconf 85' lang='lat' dir='ltr'><strong>Ev.</strong></span> <span class='ocrx_word' id='word_1_301' title='bbox 946 2847 1103 2889; x_wconf 85' lang='lat' dir='ltr'><strong>Joann.</strong></span> <span class='ocrx_word' id='word_1_302' title='bbox 1134 2846 1230 2896; x_wconf 89' lang='lat' dir='ltr'><strong>XV,</strong></span> <span class='ocrx_word' id='word_1_303' title='bbox 1259 2847 1325 2890; x_wconf 77' lang='lat'><strong>22.</strong></span> 
     </span>
    </p>
   </div>
   <div class='ocr_carea' id='block_1_11' title="bbox 37 2918 1246 2966">
    <p class='ocr_par' dir='ltr' id='par_1_11' title="bbox 37 2918 1246 2966">
     <span class='ocr_line' id='line_1_38' title="bbox 37 2918 1246 2966; baseline 0.005 -6"><span class='ocrx_word' id='word_1_304' title='bbox 37 2922 46 2932; x_wconf 90' lang='lat'><strong><em>‘</em></strong></span> <span class='ocrx_word' id='word_1_305' title='bbox 99 2918 320 2962; x_wconf 69' lang='lat' dir='ltr'><strong>Omenms</strong></span> <span class='ocrx_word' id='word_1_306' title='bbox 353 2918 532 2965; x_wconf 80' lang='lat' dir='ltr'><strong>OPERA.</strong></span> <span class='ocrx_word' id='word_1_307' title='bbox 576 2921 697 2965; x_wconf 84' lang='grc' dir='ltr'><strong>ΤοΜ.</strong></span> <span class='ocrx_word' id='word_1_308' title='bbox 726 2922 796 2966; x_wconf 84' lang='lat' dir='ltr'><strong>VI.</strong></span> <span class='ocrx_word' id='word_1_309' title='bbox 1192 2926 1246 2966; x_wconf 78' lang='lat'><strong>12</strong></span> 
     </span>
    </p>
   </div>
  </div>
 </body>
</html>
