1788 3111
506 111 950 153 COMMENTARIORUM
979 109 1069 152 Lm.
1100 111 1151 151 V.
1458 111 1543 153 373

121 241 207 269 tera
238 244 314 283 per
345 226 584 266 Dominum
615 235 809 264 nostrum
838 222 985 264 Jesum
1019 221 1246 264 Christum.
1292 222 1435 265 Potest
1465 238 1540 263 au—

122 317 204 346 tem
236 304 340 352 fieri,
370 315 428 350 ut,
456 301 561 343 sicut
591 301 695 340 haec
727 299 872 340 omnia
917 300 1033 340 bona
1074 298 1232 353 dixit¹)
1267 299 1439 340 existere
1469 314 1548 354 per

119 380 359 421 Dominum
392 376 644 430 nostrum2)
675 375 820 417 Jesum
865 374 1101 425 Christum,
1144 375 1201 416 ita
1243 387 1282 416 et
1322 375 1393 416 illa
1433 375 1544 416 mala

120 456 294 507 intelligi
333 455 514 496 voluerit
553 453 745 495 exstitisse
785 469 863 508 per
903 452 1147 500 diabolum,
1192 453 1266 493 sed
1303 452 1463 493 siluisse
1493 453 1545 493 de

122 533 303 575 auctoris
335 548 486 572 eorum
515 529 705 579 nomine,
734 542 781 570 ut
798 528 1235 585 superabundantiam
1255 528 1410 580 gratiae
1438 528 1546 582 in3)

122 610 320 651 omnibus
360 607 603 659 designaret.
668 607 777 647 Nam
816 605 923 647 sicut
962 605 1152 647 Christus
1194 622 1329 646 unum
1373 604 1546 659 quidem

122 699 181 728 est
210 703 288 742 per
316 684 618 734 substantiam,
656 685 787 724 multa
807 682 851 738 ⁴²)
896 694 1035 723 autem
1071 681 1294 722 virtutibus
1324 692 1363 722 et
1394 697 1546 736 opera—

121 763 309 806 tionibus
341 761 600 811 designatur,
642 785 693 792 —
731 777 831 801 nam
849 760 893 816 ⁵)
927 772 968 800 et
996 759 1125 810 gratia
1154 758 1245 814 ipse
1275 774 1362 800 esse
1390 756 1546 798 intelli-

122 841 250 891 gitur,
285 839 392 880 sicut
420 836 589 894 justitia,
618 838 724 878 sicut
752 854 846 892 pax,
876 836 985 877 sicut
1011 837 1106 885 vita,
1136 836 1243 877 sicut
1272 834 1433 883 veritas,
1464 834 1544 876 sic-

122 928 168 957 ut
198 916 413 963 Verbum,
455 938 506 945 -
545 914 599 954 ita
631 913 816 955 fortassis
848 925 887 953 et
919 912 1116 954 diabolus
1155 912 1199 952 in
1239 911 1382 953 multis
1398 909 1444 966 6)
1482 911 1546 950 vel

119 993 163 1034 in
194 992 363 1033 diversis
391 990 770 1042 significationibus
799 1007 924 1046 saepe
952 1001 1091 1045 potest
1107 989 1151 1045 7)
1190 987 1375 1039 intelligi.
1432 987 1544 1027 Nam

120 1082 160 1111 et
191 1080 427 1125 peccatum,
457 1069 576 1122 quod
605 1084 781 1118 regnare
812 1067 978 1116 dicitur,
1008 1067 1099 1122 ipse
1128 1066 1342 1121 putandus
1384 1075 1464 1105 est:
1507 1073 1547 1103 et

120 1164 237 1187 mors
266 1145 356 1200 ipse
387 1146 621 1186 credendus
654 1155 732 1192 est,
770 1146 822 1184 de
853 1161 939 1199 quo
980 1141 1210 1195 dicitur,⁸)
1241 1140 1338 1196 quia
1377 1137 1545 1189 „novis-

119 1224 247 1265 simus
264 1222 308 1278 ⁹)
341 1221 537 1262 inimicus
569 1222 805 1261 destruetur
834 1226 989 1262 mors.“
1049 1221 1135 1261 Sed
1174 1231 1213 1259 et
1240 1216 1425 1274 perditio
1455 1215 1546 1271 ipse

122 1298 376 1350 intelligitur,
405 1300 640 1338 secuudum
672 1298 792 1346 illud,
822 1299 941 1352 quod
973 1296 1132 1338 dictum
1165 1307 1224 1337 est
1258 1311 1280 1335 a
1309 1292 1544 1349 propheta:

122 1375 418 1432 ‚‚perditio¹⁰)
460 1377 592 1415 factus
620 1391 672 1424 es,
704 1388 742 1415 et
771 1392 861 1416 non
892 1376 1086 1416 subsistes
1114 1373 1159 1414 in
1191 1383 1408 1414 aeternum
1436 1381 1546 1410 tem-

122 1459 239 1508 pus.“
299 1452 384 1492 Sed
418 1464 456 1491 et
486 1452 603 1505 quod
635 1452 736 1492 dicit
757 1453 1010 1507 Apostolus:
1042 1467 1158 1501 „non
1178 1450 1188 1473 ¹
1207 1449 1249 1503 ¹)
1279 1463 1378 1498 ergo
1399 1456 1544 1498 regnet

122 1541 342 1584 peccatum
374 1528 417 1568 in
448 1540 583 1568 vestro
617 1528 788 1568 mortali
829 1532 1062 1584 corpore:“
1102 1538 1209 1582 puto
1252 1526 1367 1581 quod
1413 1522 1544 1574 magis

122 1607 174 1646 de
202 1607 295 1660 ipso
329 1605 488 1645 dictum
518 1605 578 1646 sit.
637 1605 731 1660 lpse
765 1617 822 1645 est
846 1605 915 1661 12)
957 1605 1069 1646 enim
1111 1614 1261 1644 auctor
1299 1601 1475 1656 peccati,
1506 1611 1546 1638 et

122 1682 282 1731 moitis,
315 1693 353 1722 et
382 1681 655 1737 perditionis:
702 1694 741 1722 et
771 1693 1079 1737 consequenter
1117 1683 1169 1722 ab
1210 1677 1389 1720 inventis
1418 1676 1544 1717 rebus

1038 1789 1051 1813 ,ἲ

241 1862 284 1917 ¹)
315 1863 425 1903 Edd.
457 1863 651 1903 Merlini:
683 1864 795 1905 dicit.

238 1933 284 1986 ²)
313 1933 480 1973 Desunt
507 1934 550 1973 in
583 1946 703 1974 autea
743 1933 861 1975 editis
904 1932 962 1989 (e.
1006 1950 1038 1974 c,
1069 1933 1113 1973 in
1145 1932 1240 1972 edd.
1272 1928 1361 1982 M.)
1391 1927 1541 1967 verba:

125 2005 343 2038 „nostrum
374 1989 520 2031 Jesum
554 1988 814 2031 Christum.“
844 1990 894 2029 R.

240 2058 285 2110 3)
319 2058 432 2098 Alias
459 2059 517 2111 (v.
551 2075 584 2098 c.
614 2058 658 2099 in
691 2061 753 2100 ed.
783 2060 842 2100 Μ.
873 2058 968 2112 Il.):
998 2058 1068 2106 „in
1088 2054 1335 2096 hominibus
1364 2050 1545 2101 assigna-

127 2119 225 2162 ¹'⁰¹‚“
258 2115 307 2154 al·
349 2114 410 2167 (e.
442 2130 475 2152 e.
505 2115 548 2154 iu
582 2117 645 2155 ed.
677 2115 736 2155 M.
768 2114 843 2169 I.):
875 2114 1181 2165 ,‚assi3nasset,“
1213 2111 1265 2151 al.
1294 2122 1543 2160 „commen-

127 2173 282 2212 daret.“
316 2169 364 2209 R.

242 2238 287 2292 ⁴)
318 2237 435 2279 Editi
462 2238 522 2293 (v.
545 2256 577 2280 c.
601 2241 694 2281 edd.
714 2239 815 2295 M),
844 2251 884 2280 et
909 2239 1015 2281 Msc.
1047 2254 1176 2279 unus:
1206 2233 1376 2286 ,2multis
1403 2242 1544 2275 autem

125 2294 371 2336 virtutibus“
405 2306 480 2335 etc.
511 2295 545 2334 Β

242 2364 288 2417 5)
320 2364 448 2404 Deest
478 2370 628 2413 „nam“
658 2365 703 2405 in
735 2366 829 2406 edd.
859 2366 920 2406 M.

244 2436 289 2491 ⁶)
326 2437 493 2477 Desunt
523 2436 671 2475 verba:
702 2436 867 2484 „multis
899 2437 962 2476 vel
991 2436 1076 2484 iu,“
1105 2434 1150 2474 in
1182 2433 1245 2474 ed.
1274 2430 1421 2472 Ruaei.

246 2506 290 2561 ⁷)
324 2508 456 2602 Alfis:
497 2521 613 2555 „esse
649 2516 788 2560 potest
831 2505 1052 2558 intelligi;“
1098 2508 1149 2548 al.
1200 2506 1314 2546 deest
1358 2505 1546 2557 „saepe,“

131 2577 169 2604 et
197 2570 346 2613 ‚,esse.“
394 2565 425 2602 ἴ.

244 2633 290 2686 ⁸)
320 2633 337 2671 l
371 2632 471 2675 Cor.
499 2632 594 2680 XV,
621 2632 686 2675 26.

244 2701 291 2756 ⁹)
321 2702 429 2743 Edd.
459 2701 654 2742 Men-lini:
685 2700 783 2756 quia
814 2712 852 2741 et
881 2701 1105 2743 novissima
1133 2701 1307 2745 inimica
1337 2716 1411 2745 etc.

223 2769 292 2825 ¹⁰)
324 2771 481 2812 Jerem.
511 2772 577 2820 Ll,
605 2772 673 2814 26.
703 2770 916 2827 (XLIV)
1037 2770 1106 2825 ¹¹)
1136 2771 1262 2818 Rom.
1291 2773 1364 2825 VI,
1393 2775 1456 2818 12.

225 2840 292 2896 ¹²)
324 2841 599 2884 Desideratur
629 2845 738 2893 „est“
766 2840 812 2883 in
841 2841 936 2884 edd.
967 2840 1153 2884 Merlini.
