1788 3111
511 93 951 139 Commnummonum
979 95 1071 139 Lm.
1097 95 1151 138 ΙΙ,
1457 97 1541 141 113

121 207 296 266 „qui¹)
336 205 440 250 dicis
478 223 569 250 non
606 207 982 260 moechandum‚“
1017 209 1064 251 in
1098 222 1355 268 synagogam
1385 208 1540 266 populi

119 286 206 329 Dei
242 284 498 328 adulterium
539 283 789 335 committis,
824 301 1067 328 sermonem
1105 285 1328 328 doctrinae
1358 302 1540 344 pravum

120 374 161 404 ct
190 361 476 404 adulterinum
508 360 546 402 ci
573 361 885 416 superducens:
915 373 954 403 et
985 362 1172 405 collocas
1199 377 1290 404 eam
1319 379 1415 403 cum
1439 362 1538 416 legis

117 439 260 489 litera,
300 454 408 494 quae
444 434 547 480 foris
586 445 684 487 est,
709 454 807 479 cum
847 438 1050 494 scriptum
1089 439 1143 480 de
1183 453 1231 480 ea
1270 439 1399 492 legas,
1439 439 1538 496 quia

117 514 347 570 ,‚0mnis²)
383 514 515 566 gloria
544 514 657 556 filiae
693 514 799 566 regis
813 513 859 570 3)
890 515 1197 557 intrinsecus:“
1237 527 1277 557 et
1315 517 1370 557 ad
1408 534 1536 572 quam

118 592 218 643 legis
247 607 326 647 per
352 590 606 647 prophetam
643 590 924 633 nihilominus
956 592 1137 634 dictum:
1175 592 1339 649 „nisi‘²)
1371 594 1539 634 occulte

119 667 344 716 audieritis,
372 666 561 722 plorabit
591 666 732 708 anima
760 674 932 709 vcst1·a.“
974 668 1061 723 Qui
1083 684 1181 722 ergo
1198 684 1323 722 negas
1342 669 1386 725 ⁵)
1415 685 1537 711 moe-

118 745 348 793 chandum,
378 754 462 784 tam
485 758 607 794 grave
628 744 882 786 adulterium
905 747 1144 797 committis,
1171 757 1219 788 ut
1249 745 1536 788 adulterinum

115 804 284 863 sensum
314 820 561 861 introducas
601 822 654 862 ad
684 837 800 872 earn,
844 823 896 863 de
927 839 1010 878 qua
1041 823 1202 864 dictum
1230 824 1331 876 legis
1361 840 1385 865 a
1413 824 1536 865 Deo:

113 913 218 949 „ego
237 896 281 952 ⁶)
309 908 350 937 te
378 896 482 937 mihi
514 898 782 952 desponsabo
814 897 859 939 in
889 899 974 939 fide
1004 910 1043 940 ct
1069 900 1400 943 misericordia.“
1448 901 1536 956 Qui

116 972 373 1016 abominaris
393 971 436 1028 ⁷)
478 973 627 1024 idola,·
650 974 914 1028 sacrilegium
954 976 1202 1027 committis,
1241 993 1388 1018 verum
1427 989 1535 1019 tem-

114 1052 237 1106 plum
260 1050 357 1099 Dei,
386 1050 504 1105 quod
536 1061 594 1091 est·
617 1048 806 1093 Christus
824 1051 958 1102 Jesus,
989 1051 1172 1094 violans:
1201 1053 1326 1095 solvis
1341 1053 1388 1110 ⁸)
1418 1053 1533 1095 enim

113 1127 323 1182 templum
354 1126 458 1176 Dei,
498 1128 618 1182 quod
658 1127 704 1168 in
733 1131 866 1170 tribus
884 1127 929 1183 ⁹)
969 1128 1117 1171 diebus
1153 1131 1443 1172 resuscitatum
1474 1143 1534 1173 est

112 1203 182 1253 iis,
215 1202 289 1259 qui
319 1204 508 1244 credunt.
568 1204 654 1246 Sed
687 1216 724 1246 et
755 1205 827 1261 qui
859 1221 905 1246 ex
935 1206 1024 1258 lege
1053 1217 1093 1246 et
1121 1207 1339 1262 prophetis
1370 1223 1533 1249 sermo-

112 1296 213 1321 nem
246 1279 459 1321 Christum
488 1281 838 1336 pronuntiantem
869 1283 1034 1323 furatur
1064 1294 1103 1323 et
1133 1284 1337 1333 occultat,
1366 1301 1422 1326 ne
1451 1302 1533 1340 po-

108 1356 235 1411 pulus
267 1355 410 1397 audiat
442 1367 480 1396 et
511 1357 667 1407 credat,
697 1359 961 1410 sacrilegium
994 1359 1230 1409 committit,
1266 1371 1305 1401 et
1332 1377 1427 1401 vere
1447 1361 1533 1402 Dei

109 1434 318 1488 templum
357 1434 500 1476 violat.
575 1434 696 1475 Idem
737 1451 910 1490 quoque
949 1435 1040 1486 hic,
1090 1435 1162 1491 qui
1202 1431 1532 1488 cognominatur

107 1509 319 1558 Judaeus,
362 1521 401 1551 et
430 1511 633 1562 gloriatur
653 1509 723 1566 ¹⁰)
759 1511 804 1552 in
844 1512 965 1554 litera
994 1512 1093 1564 legis
1122 1511 1276 1562 Mosis,
1315 1515 1529 1568 pracvari-

109 1596 228 1626 cator
256 1584 355 1636 legis
386 1586 594 1638 arguitur,
637 1604 734 1628 cum
770 1605 862 1630 non
901 1590 1034 1630 credit
1073 1589 1256 1631 Christo.
1326 1589 1372 1631 Si
1413 1590 1526 1633 enim

108 1661 383 1717 crederet¹¹)
423 1661 562 1712 Mosi,
603 1665 794 1705 crederet
826 1665 971 1720 utique
1014 1666 1136 1716 huic,
1175 1667 1228 1706 de
1268 1682 1353 1721 quo
1386 1667 1537 1710 Moses

104 1738 279 1793 scripsit.
340 1737 524 1794 Propter
552 1739 652 1781 istos
682 1755 780 1792 ergo
812 1743 926 1791 tales,
956 1741 1028 1797 qui
1060 1743 1260 1783 dicuntur
1288 1743 1457 1795 Judaei‚
1488 1757 1528 1787 et

106 1831 198 1855 non
226 1826 334 1865 sunt,
364 1833 524 1858 nomen
553 1816 637 1857 Dei
667 1818 986 1872 blasphematur
1005 1819 1076 1874 ¹²)
1105 1820 1215 1860 inter
1238 1819 1406 1871 Gentes,
1434 1839 1524 1863 non

105 1892 245 1932 solum
275 1909 355 1948 pro
391 1894 590 1948 operibus
620 1910 770 1935 eorum
809 1895 1016 1950 pessimis,
1055 1897 1130 1937 sed
1171 1907 1210 1936 et
1238 1909 1416 1953 propter
1445 1899 1526 1939 hu-

106 1968 252 2010 milem
283 1980 322 2010 et
363 1969 569 2027 dejectam
606 1971 945 2024 intelligentiam,
987 1987 1113 2026 quam
1153 1973 1312 2015 habent
1350 1973 1393 2014 in
1434 1975 1522 2026 lege

221 2126 264 2180 ¹)
295 2127 420 2169 Rom.
451 2129 503 2178 II,
532 2131 597 2172 22.

221 2198 267 2249 ²)
300 2197 451 2238 Psalm.
485 2199 615 2249 XLV,
647 2201 711 2244 13.
742 2199 950 2255 (XLIV.)

220 2266 267 2320 3)
297 2267 407 2309 Edd.
437 2267 629 2310 Merlini:
658 2269 763 2321 regis
795 2270 847 2310 ab
877 2267 1137 2309 intrinsecus.

219 2336 264 2392 4)
293 2337 448 2378 Jerem.
479 2339 597 2388 XIII,
625 2340 691 2382 17.
811 2339 855 2390 ⁵)
884 2339 1011 2380 Rom.
1041 2338 1094 2387 H,
1124 2340 1188 2381 22,

219 2407 266 2462 6)
296 2404 401 2447 Hos.
431 2406 483 2456 II,
513 2409 577 2450 19.
607 2410 672 2451 20.
793 2408 837 2463 7)
868 2407 992 2448 Rom.
1022 2407 1073 2456 Π,
1104 2409 1171 2450 22.

215 2475 261 2531 8)
295 2475 356 2516 Ita
392 2474 499 2518 Msc.
529 2477 628 2529 Reg.
665 2496 783 2519 num.
815 2478 935 2522 1639.
994 2476 1158 2519 Caeteri
1201 2494 1298 2518 vero
1344 2478 1437 2519 Mss‘
1480 2492 1517 2519 et

106 2531 206 2573 editi
234 2536 294 2587 (e.
324 2549 357 2572 c·
390 2534 483 2574 edd.
514 2533 617 2590 M.):
649 2536 869 2584 ,‚solvisti.“
910 2533 959 2574 R.

221 2600 266 2656 9)
297 2602 372 2643 Ev.
396 2602 555 2644 Joann.
584 2603 636 2654 II,
667 2605 732 2647 19.

193 2669 262 2724 ¹⁰)
295 2671 418 2713 Rom.
446 2672 500 2721 II,
527 2674 593 2717 23.

192 2739 262 2794 ¹¹)
291 2742 366 2781 Ev.
395 2743 552 2804 Joann-
582 2743 632 2791 V,
661 2743 729 2785 46.

193 2809 264 2864 12)
294 2809 420 2852 Rom.
449 2812 503 2863 II,
532 2813 597 2854 24.
629 2815 725 2855 coll.
753 2815 836 2857 des.
865 2813 952 2863 LII,
981 2816 1019 2857 5.

101 2886 321 2930 OmGEms
352 2886 522 2934 OPERA.
553 2889 590 2931 T
596 2902 672 2934 OM.
698 2890 766 2932 VI.
1154 2891 1182 2931 8
