1788 3111
506 101 944 144 COMMENTAmome
971 100 1062 140 Lm.
1093 100 1164 143 IV.
1454 100 1537 144 301

132 215 382 259 Tribulatur
418 227 560 257 autem
588 213 633 254 in
662 212 865 268 penuria,
915 210 1013 267 quia
1043 212 1178 264 deest3
1205 211 1250 252 in
1280 212 1540 253 abundantia

133 310 248 343 vero,
280 293 376 349 quia
407 303 538 334 semet
567 291 704 346 ipsum
736 290 931 338 refrenat,
960 305 1015 329 ne
1042 304 1120 344 per
1140 289 1442 330 abundantiam
1471 305 1540 330 re-

131 371 341 419 solvatur,
385 370 450 410 vel
490 384 545 408 ne
581 365 720 407 minus
762 377 1051 421 competenter
1091 381 1158 414 ea,
1209 382 1316 421 quae
1345 366 1541 407 videntur

133 448 364 496 abundare,
397 445 619 500 dispenset.
679 443 748 485 Sic
789 454 828 483 et
870 460 966 483 cum
1000 441 1148 492 esurit,
1183 454 1223 482 et
1253 459 1349 483 cum
1379 455 1539 484 satura-

133 536 213 573 tur,
247 535 286 564 ct
317 541 413 564 cum
442 519 752 578 persecutiones
782 519 950 575 patitur,
982 531 1022 560 et
1052 536 1149 560 cum
1178 518 1222 559 in
1240 519 1385 575 requie
1416 519 1540 572 degit.

133 602 273 656 Atque
303 601 383 640 hoc
414 599 544 639 modo
579 597 650 652 qui
680 597 724 637 in
755 597 817 637 his
849 597 1046 637 omnibus
1076 596 1324 646 tribulatur,
1355 608 1467 637 recte
1494 596 1540 637 in

132 676 474 717 tribulationibus
511 674 594 715 suis
633 673 856 726 gloriatur:
896 691 944 714 ex
983 673 1134 730 quibus
1165 673 1253 714 sine
1293 672 1423 714 dubio
1462 690 1540 714 na·-

133 753 262 795 scitur
307 752 526 810 patientia,
584 767 690 807 quae
746 750 979 806 probabilis
1033 752 1181 792 effecta
1231 750 1367 806 pai-lat
1410 767 1540 805 spem,

135 847 244 886 quae
268 831 310 885 1)
342 846 437 870 cum
469 828 629 869 caritati
671 826 894 883 conjuncta
934 826 1111 882 Spiritui
1141 839 1284 869 sancto
1316 827 1541 869 consociet.

134 907 266 961 Quod
296 918 434 947 autem
474 905 594 946 dixit:
653 903 888 959 ,‚caritas²)
930 903 1015 944 Dei
1054 904 1208 945 diffusa
1256 916 1316 944 cst
1354 904 1398 945 in
1445 921 1542 945 cor-

133 983 258 1024 dibus
303 981 516 1023 nostris:“
555 981 792 1033 diligentius
833 981 1190 1022 considerandum
1231 992 1310 1031 est,
1347 980 1391 1021 in
1432 998 1541 1036 quo-

133 1077 230 1102 rum
262 1059 463 1101 cordibus
493 1058 577 1099 Dei
608 1058 754 1099 caritas
793 1057 1069 1101 diffundatur.
1126 1058 1218 1110 Ego
1257 1069 1387 1113 pute,
1424 1057 1542 1113 quod

131 1136 177 1177 in
213 1136 407 1186 illorum,
454 1136 526 1192 qui
561 1134 646 1193 jam
692 1153 782 1176 non
819 1136 977 1176 habent
1014 1134 1294 1191 „spiritum³)
1333 1134 1541 1176 servitutis

132 1211 286 1253 iterum
325 1212 370 1252 in
407 1212 599 1262 timore,“
637 1214 710 1253 sed
749 1223 789 1252 et
803 1211 848 1266 4)
885 1211 1080 1262 illorum,
1118 1211 1163 1252 in
1195 1212 1347 1268 quibus
1376 1214 1544 1268 „perfe-

136 1290 258 1344 cta5)
291 1288 437 1328 caritas
466 1289 579 1329 foras
609 1287 735 1328 mittit
765 1287 1003 1337 timorem‚“
1034 1300 1074 1329 et
1104 1288 1257 1344 quibus
1287 1288 1480 1343 „spiritus
1498 1287 1544 1343 ὃ)

135 1364 405 1420 adoptionis“
436 1366 571 1415 datur,
604 1365 674 1421 qui
707 1366 858 1406 clamet
878 1366 923 1405 in
954 1365 1154 1406 cordibus
1179 1382 1349 1406 eorum:
1378 1366 1570 1416 ,‚Abba‚-

135 1448 295 1498 pater.“
352 1443 454 1483 Non
483 1454 543 1483 est
574 1459 670 1494 ergo
703 1440 991 1499 cujuscunque
1021 1442 1216 1492 hominis,
1248 1442 1327 1483 nisi
1356 1441 1546 1498 perfecti,

137 1530 178 1559 et
207 1517 312 1567 talis,
345 1518 477 1573 qualis
509 1531 596 1559 erat
625 1519 806 1568 Paulus,
837 1519 881 1560 in
912 1518 1030 1576 cujus
1061 1520 1190 1560 corde
1221 1517 1546 1574 diffundatur7)

137 1594 284 1636 caritas
315 1595 398 1635 Dei
435 1612 538 1650 „per
568 1595 774 1650 Spiritum
805 1601 1035 1637 sanctum.“
1093 1597 1180 1637 Sed
1218 1607 1257 1635 et
1294 1594 1403 1635 illud
1440 1593 1546 1635 mihi

138 1671 492 1712 considerandum
522 1672 709 1722 videtur,
747 1684 947 1713 utrumne
986 1672 1053 1713 hic
1089 1671 1304 1713 caritatem
1332 1671 1449 1712 illam
1480 1670 1545 1712 di-

137 1760 216 1799 cat,
248 1765 330 1804 qua
358 1766 436 1789 nos
468 1748 675 1801 diligimus
706 1750 870 1798 Deum,
909 1766 963 1790 an
990 1749 1130 1800 illam,
1170 1765 1252 1805 qua
1283 1748 1495 1801 diligimur
1524 1752 1549 1788 a

137 1827 249 1875 Deo,
281 1827 479 1867 diffusam
510 1842 597 1866 esse
624 1842 701 1881 per
730 1825 935 1881 Spiritum
954 1826 1207 1867 sanctumin
1237 1825 1436 1866 cordibus
1464 1842 1547 1866 no-

137 1902 242 1944 stris.
299 1903 356 1944 Et
384 1902 418 1944 si
450 1902 621 1958 quidem
652 1903 724 1943 illa
753 1902 912 1951 caritas,
945 1920 1026 1958 qua
1055 1904 1200 1943 Deum
1231 1901 1450 1954 diligimus,
1479 1901 1546 1941 in-

139 1978 361 2030 telligatur,
391 1996 530 2020 sermo
562 1979 639 2019 istc
670 1979 897 2020 assertione
914 1997 1005 2020 non
1033 1979 1210 2032 indiget:
1242 1979 1276 2019 si
1305 1995 1417 2027 vero,
1449 1977 1547 2032 quia

141 2053 315 2109 dixit,⁸)
352 2057 531 2095 effusam
572 2071 657 2095 esse
693 2055 777 2095 Dei
808 2055 1020 2095 caritatem
1051 2055 1095 2095 in
1140 2054 1341 2095 cordibus
1380 2053 1550 2105 nostris,

140 2128 217 2169 ista
246 2129 386 2184 potius
417 2129 685 2182 intelligenda
717 2131 788 2181 sit,
829 2148 911 2186 qua
942 2130 1154 2183 diligimur
1184 2147 1208 2170 a
1237 2132 1352 2179 Deo,
1385 2143 1546 2172 certum

141 2217 214 2255 est,
245 2207 361 2261 quod
390 2207 503 2247 velut
532 2224 744 2247 summum
777 2219 817 2248 et
846 2206 1075 2248 maximum
1105 2209 1267 2248 donum
1297 2207 1428 2248 sancti
1448 2207 1544 2262 Spi-

141 2282 245 2323 ritus
275 2283 485 2323 caritatem
516 2295 660 2338 ponat,
693 2301 777 2340 quo
795 2284 840 2339 9)
869 2285 982 2325 velut
1007 2300 1183 2326 munere
1207 2283 1323 2340 prius
1352 2296 1546 2340 suscepto

259 2428 302 2483 ¹)
335 2428 404 2469 Sic
451 2429 552 2470 Mss.
591 2430 707 2471 Editi
736 2447 835 2472 vero
866 2431 925 2487 (v.
956 2449 988 2472 c.
1022 2432 1116 2473 edd.
1147 2430 1255 2494 M.):
1286 2446 1420 2485 „quac
1451 2446 1548 2471 cum

144 2483 303 2524 caritati
333 2483 558 2541 conjuncta
587 2486 649 2536 sit,
682 2487 858 2543 Spiritui
887 2500 1029 2529 sancto
1064 2486 1368 2529 consocietu1.“
1401 2487 1438 2527 R

260 2553 305 2609 ²)
335 2555 460 2595 Rom.
491 2556 542 2604 V,
573 2557 610 2598 5.
725 2558 772 2612 3)
802 2559 927 2598 Rom.
957 2559 1072 2606 VIII,
1105 2558 1170 2602 15.

258 2625 306 2679 4)
337 2626 612 2667 Desideratur
641 2632 734 2676 „ct“
762 2627 806 2667 in
837 2629 933 2668 edd.
963 2627 1149 2668 Merlini.

259 2693 303 2747 ⁵)
334 2695 351 2733 I
381 2697 536 2736 Joann.
568 2696 640 2745 IV,
671 2697 736 2740 18.
865 2696 911 2752 ⁶)
942 2698 1066 2737 Rom.
1097 2697 1212 2745 VIII,
1244 2697 1308 2739 15.

261 2763 306 2818 ⁷)
336 2764 460 2807 Rom.
490 2765 541 2813 V,
573 2765 610 2806 5.
727 2764 774 2819 8)
804 2766 928 2807 Rom.
959 2767 1010 2815 V,
1039 2768 1078 2808 5.

258 2831 305 2887 9)
335 2832 448 2875 Alias
477 2833 536 2889 (v.
567 2852 600 2875 c.
630 2834 675 2876 in
696 2836 788 2876 edd.
814 2835 918 2890 Μ.);
943 2835 1088 2890 „quod
1106 2834 1220 2875 velut
1242 2837 1446 2875 muner&
1466 2844 1543 2874 etc.
