1788 3111
218 141 304 185 294
556 139 778 182 Omessms
806 152 854 182 m
881 139 960 182 Ep,
990 151 1050 182 An
1082 135 1305 183 Romanos

224 253 350 294 dibus
379 251 532 294 nostris
561 267 639 309 per
659 252 867 309 Spiritum
899 264 1106 303 sanctum,
1137 254 1210 309 qui
1245 254 1364 296 datus
1392 265 1450 296 est
1475 255 1642 297 nobis.“

221 329 392 371 Primus
422 328 562 371 statim
600 345 740 370 sermo
786 330 958 385 capituli
1001 328 1125 387 hujus
1164 330 1443 383 ambiguitatis
1482 331 1642 388 aliquid

224 406 434 448 continet:
471 422 564 448 non
606 406 719 448 enim
759 406 888 447 habet
917 406 962 448 in
993 408 1361 464 consequentibus,
1381 407 1423 465 ¹)
1455 410 1509 450 ad
1539 409 1643 465 quid

220 483 371 526 referri
400 484 553 525 debeat
581 484 700 539 quod
731 483 853 525 dixit:
891 501 1006 534 „non
1024 484 1070 540 ²)
1109 485 1250 526 solum
1281 490 1461 526 autem.“
1517 486 1645 527 Unde

221 560 319 602 vide
356 560 390 602 si
429 557 703 616 possimus3)
744 561 827 602 hoc
867 562 1001 602 modo
1046 562 1362 614 ambiguitatem
1394 561 1646 605 elocutionis

222 638 452 679 absolvere.
520 636 739 691 Quoniam
788 637 832 678 in
881 637 1172 693 superioribus
1220 641 1353 680 multa
1396 639 1522 682 nobis
1569 655 1647 695 per

221 713 464 755 Dominum
496 725 689 754 nostrum
721 714 869 754 Jesum
908 713 1123 756 Christum
1145 715 1342 771 praestita
1375 732 1461 758 esse
1487 718 1648 772 perdo-

223 792 319 841 cuit,
350 803 396 832 ut
426 807 523 832 cum
556 790 656 831 dicit
673 790 718 846 4)
749 789 995 847 justificatos
1025 808 1103 832 nos
1136 807 1222 833 esse
1254 808 1300 833 ex
1330 794 1416 835 fide
1444 810 1524 849 per
1550 793 1648 833 Do-

220 868 388 910 minum
419 879 615 910 nostrum
646 868 794 910 Jesum
827 867 1055 918 Christum,
1087 880 1127 909 et
1156 885 1233 925 per
1262 869 1400 926 ipsum
1433 886 1647 913 accessum

221 945 381 987 habere
409 945 456 986 in
487 944 660 997 gratiam
693 945 827 996 istam,
858 962 934 1002 per
972 946 1110 1001 ipsum
1145 946 1267 987 etiam
1299 946 1471 999 gloriari
1499 947 1543 988 in
1573 963 1648 1003 spe

222 1022 382 1075 gloriae
411 1022 517 1064 Dei:
549 1023 602 1063 ad
633 1023 738 1064 haec
770 1023 928 1071 omnia,
959 1039 1067 1077 quae
1098 1022 1208 1064 dicta
1238 1035 1356 1073 sunt,
1386 1025 1534 1065 referri
1566 1041 1648 1080 pu-

221 1111 266 1141 to
284 1099 330 1155 ⁵)
360 1101 535 1141 debere:
603 1099 779 1152 „n0n⁶)
819 1100 958 1140 solum
978 1099 1022 1155 7)
1076 1105 1266 1150 autem,“
1322 1101 1406 1141 hoe
1438 1112 1518 1143 est:
1557 1117 1646 1142 non

221 1178 363 1218 solum
395 1188 557 1226 autem,
588 1192 696 1231 quae
725 1192 852 1231 supra
885 1175 991 1225 dixi,
1022 1177 1093 1217 sed
1127 1188 1165 1216 et
1196 1177 1303 1227 hoc,
1340 1178 1459 1232 quod
1492 1176 1648 1228 gloria-

221 1270 320 1294 mur
357 1254 401 1294 in
438 1252 791 1294 tribulationibus
830 1251 1007 1302 nostris,
1045 1268 1124 1308 per
1164 1252 1408 1293 Dominum
1453 1265 1649 1295 nostrum

221 1330 370 1372 Jesum
412 1328 628 1371 Christum
677 1329 896 1370 habemus.
967 1327 1152 1370 Caeteris
1193 1329 1346 1370 etenim
1385 1329 1428 1371 in
1470 1329 1648 1370 tribula-

221 1406 341 1448 tione
369 1405 650 1455 tristantibus,
691 1422 770 1446 nos
817 1405 973 1457 gratiae
1010 1405 1139 1461 ipsius
1176 1405 1328 1447 virtute
1357 1405 1570 1455 roborati,
1605 1404 1648 1446 in

221 1483 569 1525 tribulationibus
610 1482 854 1535 gloriamur.
912 1482 1154 1525 Didicimus
1197 1499 1385 1538 namque
1414 1499 1570 1524 novam
1604 1499 1650 1524 ex

223 1560 465 1602 eruditione
493 1559 622 1615 ipsius
653 1559 946 1616 disciplinam,
974 1571 1023 1601 ut
1051 1576 1130 1616 per
1159 1559 1454 1603 tribulationes
1483 1561 1649 1601 bonum

222 1637 452 1693 patientiae
482 1635 720 1691 capiamus:
752 1637 954 1679 habentes
983 1653 1085 1678 vero
1116 1635 1341 1692 patientiae
1361 1638 1526 1678 bonum
1544 1654 1649 1693 pro-

222 1714 385 1755 babiles
415 1711 677 1769 judicemur:
722 1712 819 1768 εἴθ)
861 1730 939 1770 per
977 1713 1223 1770 patientiam
1255 1714 1484 1754 multarum
1514 1715 1650 1755 tribu·-

221 1792 432 1833 lationum
473 1788 666 1846 probati,
712 1806 831 1846 spem
871 1792 1038 1832 futurae
1079 1807 1101 1831 a
1147 1790 1244 1830 Deo
1288 1790 1647 1832 >remunerationis

224 1869 476 1910 habeamus:
510 1881 618 1922 quae
646 1882 762 1922 spes,
802 1867 901 1922 quia
946 1879 1057 1908 certa
1097 1878 1136 1907 et
1174 1882 1270 1907 vera
1303 1877 1380 1916 est,
1421 1883 1512 1907 non
1544 1883 1649 1908 con-

224 1944 368 1986 fundit
388 1954 616 2000 sperantes.
676 1943 828 1985 Fidem
866 1960 1051 1999 namque
1094 1956 1133 1983 et.
1161 1960 1281 1998 spem
1313 1943 1646 1999 consequitur9)

344 2175 386 2230 1)
418 2174 532 2216 Alias
561 2173 620 2229 (v.
653 2193 685 2215 c.
714 2174 756 2215 in
790 2177 885 2216 edd.
916 2176 1019 2231 ΜΛ)
1061 2178 1130 2227 „in
1174 2175 1528 2232 consequentibus
1574 2176 1647 2217 ali-

224 2231 340 2288 quid,
371 2233 425 2273 ad
455 2232 572 2286 quod
602 2230 777 2272 referri“
807 2244 881 2272 etc.
915 2233 962 2273 R.

341 2301 388 2354 ²)
418 2300 542 2341 Rom.
573 2300 624 2349 V,
653 2301 691 2343 3.
809 2301 856 2356 3)
886 2302 994 2343 Edd.
1026 2302 1220 2344 Wlerlini:
1253 2320 1487 2358 possumus.

342 2372 388 2424 ¹²)
418 2370 545 2411 Rom.
573 2370 623 2419 V,
655 2374 692 2414 1.
720 2372 757 2412 2.
878 2371 923 2426 5)
953 2372 1060 2413 Edd.
1092 2372 1286 2414 Merlini:
1317 2374 1472 2414 debere
1501 2382 1618 2426 puto.

341 2438 387 2495 ⁶)
418 2439 543 2481 Rom.
573 2440 625 2489 V,
655 2441 695 2483 3.

343 2510 388 2563 7)
418 2509 535 2550 Editi
572 2510 630 2565 (e.
670 2527 703 2550 c.
745 2512 839 2552 edd.
871 2510 976 2565 M.:)
1008 2529 1122 2561 „non
1166 2514 1303 2554 solum
1349 2523 1486 2551 autem
1529 2510 1646 2551 haee.

224 2567 325 2608 Non
365 2567 505 2607 solum
547 2577 686 2606 autem
729 2583 838 2621 quae
874 2574 1025 2622 sup1a“
1077 2581 1150 2609 etc
1221 2568 1304 2607 Sed
1356 2584 1500 2608 omnes
1545 2567 1644 2609 Mss.

222 2624 356 2666 nostri
389 2634 428 2664 et
457 2622 658 2663 Rabanus
689 2633 734 2663 ut
763 2639 807 2663 ln
835 2635 982 2665 nostto
1013 2636 1137 2665 textu.
1170 2624 1217 2663 R.

340 2691 388 2747 8)
418 2692 522 2733 Msc.
552 2708 682 2733 unus:
724 2704 789 2742 „et
829 2709 906 2748 pel
934 2694 1177 2749 patientiam
1210 2695 1439 2734 multarum
1470 2693 1646 2734 ttibula-

222 2760 391 2844 genum
431 2747 757 2846 Ρτίὼειῐὶοῃοηη
806 2766 882 2805 per
921 2751 1233 2805 piohationem·
1264 2767 1379 2804 spen·
1421 2751 1586 2791 summo
1622 2765 1642 2788 a

270 2811 347 2846 eo“
377 2817 441 2846 etc

342 2874 387 2928 ⁹)
418 2875 434 2914 1
468 2874 567 2917 cor.
599 2875 720 2925 x111,
752 2876 814 2918 13.
