1788 3111
539 105 978 148 COMMENTAmonUM
1009 105 1099 145 Lm.
1143 105 1194 145 V.
1484 104 1569 149 359

146 221 233 262 Sed
264 217 522 275 1·cquires,¹)
553 217 631 268 isti,
663 234 769 273 quos
802 216 903 259 dicit
933 227 1182 270 regnaturos
1212 215 1257 256 in
1286 214 1368 257 vita
1398 231 1475 271 per
1490 216 1564 256 Je—

145 315 239 338 sum
281 296 516 346 Christum,
571 311 698 351 super
742 311 849 350 quos
894 295 1144 348 regnabunt.
1228 292 1411 333 Videtur
1448 291 1568 341 mihi,

147 375 265 430 quod
295 373 402 414 sicut
433 372 581 414 mortis
616 388 791 424 regnum
822 371 927 427 in2)
959 388 1030 412 eos
1063 369 1247 412 ostendit
1275 369 1423 419 fuisse,
1457 385 1565 425 quos

145 450 224 491 sibi
253 451 471 505 peccando
503 448 600 490 fecit
632 448 864 498 obnoxios,
900 448 957 490 ita
988 459 1028 490 et
1058 464 1221 497 eorum,
1255 446 1386 503 qui3)
1427 447 1564 486 abun—

146 526 334 567 dantiam
364 527 519 580 gratiae
549 537 589 567 et
619 527 783 566 donum
814 524 993 583 justitiae
1010 524 1235 580 accipiunt,
1265 535 1306 565 et
1327 540 1404 580 per
1431 540 1565 564 unum

144 605 292 644 Jesum
325 604 541 645 Clu-istum
572 603 784 656 regnaturi
817 603 1035 652 dicuntur,
1065 618 1243 655 regnum
1274 602 1469 642 ostendat
1496 602 1564 642 fu-

145 691 288 721 turum
320 698 446 737 super
474 680 584 730 illos,
620 677 692 735 qui
722 679 770 721 iis
800 679 845 721 in
861 679 906 734 4)
936 679 1175 722 eruditione
1206 678 1323 732 regni
1353 678 1437 719 Dei
1466 679 1566 719 sub-

146 758 221 799 diti
253 760 371 808 fiunt,
403 757 516 812 et,⁵)
546 769 593 798 ut
624 757 679 798 ita
711 757 870 808 dicam,
912 756 985 813 qui
1015 755 1269 813 sapientiae,
1302 767 1343 797 et
1371 754 1567 813 justitiae,

145 852 192 876 ac
223 835 342 885 vitae,
373 851 480 890 quae
509 834 554 875 in
585 833 632 875 iis
663 846 735 884 est,
767 832 866 887 etfi)
896 850 974 889 per
1005 850 1131 889 quarn
1162 844 1361 886 regnant,
1393 848 1565 887 capaces

144 912 302 953 suerint
330 911 499 952 inventi.
557 910 686 951 Unde
726 922 766 951 et
804 926 894 951 non
936 909 1071 951 otiose
1114 909 1283 950 videtur
1310 908 1415 950 mihi
1445 910 1565 964 Apo-

143 989 288 1038 stolus,
322 988 394 1044 qui
424 988 467 1029 in
489 987 660 1030 caeteris
684 987 789 1028 locis
811 986 984 1036 dixerat,
1015 986 1112 1042 quia
1142 986 1213 1037 „in
1226 986 1271 1043 7)
1307 1003 1453 1027 omnes
1484 987 1563 1026 ho—

141 1066 276 1107 mines
324 1083 440 1107 mors
484 1066 772 1123 pertransiit;“
829 1076 869 1105 et
913 1063 1088 1106 iterum:
1137 1064 1295 1117 „gratia
1312 1064 1358 1119 8)
1407 1063 1491 1104 Dei
1520 1062 1565 1103 in

142 1144 285 1199 plures
335 1142 676 1198 abundavitz“⁹)
728 1154 769 1184 et
815 1142 991 1184 iterum:
1032 1141 1280 1198 „gratia¹⁰)
1331 1158 1379 1182 ex
1421 1139 1566 1181 multis

144 1219 306 1260 delictis
344 1219 388 1260 in
438 1217 830 1276 justificationen1:“
871 1220 955 1260 hoc
993 1218 1037 1260 in
1084 1219 1183 1260 loco
1225 1235 1365 1274 neque
1407 1233 1568 1265 omnes,

143 1312 284 1352 neque
313 1297 493 1347 multos,
534 1313 675 1352 neque
713 1297 856 1352 plures
895 1296 1106 1352 posuisse:
1147 1295 1279 1336 sciens
1323 1297 1377 1336 ad
1406 1311 1566 1351 paucos

142 1373 354 1429 pertinere
370 1373 486 1415 istius
503 1373 775 1415 beatitudinis
793 1390 1016 1423 summam,
1048 1373 1121 1429 qui
1141 1374 1150 1397 ¹
1169 1372 1210 1429 ¹)
1232 1371 1564 1423 „abundantiam

143 1450 298 1503 gratiae
328 1452 458 1506 εἰη)
491 1451 655 1491 donum
687 1450 868 1508 justitiae
898 1450 1171 1507 accipientes,
1214 1450 1258 1490 iu
1295 1449 1378 1490 vita
1418 1465 1565 1501 regna-

143 1529 251 1569 bunt
269 1529 278 1552 ¹
293 1527 338 1584 3)
356 1544 434 1584 per
458 1545 593 1569 unum
612 1529 760 1570 Jesum
784 1528 1040 1570 Christum.“
1088 1526 1223 1584 Ipsius
1254 1538 1395 1568 autem
1418 1524 1566 1566 mortis

267 1701 306 1755 ¹)
338 1702 451 1744 Edd.
483 1703 688 1745 NIerlini:
720 1703 901 1760 require.

259 1770 304 1827 ²)
335 1771 415 1813 Ed.
446 1772 508 1814 M.
539 1774 602 1814 II:
633 1772 678 1814 in
707 1773 756 1815 iis
788 1773 973 1815 ostendit
1003 1784 1080 1814 etc.

219 1897 229 1906 ⁹
260 1842 307 1895 3)
336 1842 448 1882 Edd.
478 1842 677 1887 Merlini:
721 1844 794 1901 qui
825 1843 1129 1886 abundantiam
1172 1854 1212 1883 et
1242 1843 1356 1882 dona
1387 1838 1568 1897 justitiae

144 1910 367 1954 acclpiunt.

144 2026 163 2064 s
240 1967 302 2032 f)
332 1969 447 2011 Edd.
484 1970 681 2013 Merlini:
722 1971 766 2013 in
805 1970 1089 2013 eruditionem
1131 1968 1247 2021 regni
1287 1967 1372 2008 Dei
1410 1963 1568 2007 subditi

163 2036 313 2065 uermt.
1314 2031 1315 2034 ¹

264 2094 308 2142 ⁵)
340 2094 421 2134 Ed·
452 2095 512 2141 Μ.
543 2099 583 2138 I:
614 2109 689 2147 „ut
719 2110 759 2139 et
787 2097 845 2139 ita
877 2098 1042 2139 dicam“
1073 2108 1148 2137 ete.

259 2171 306 2225 ὃ)
336 2171 448 2211 Edd.
477 2168 676 2211 Merlini:
706 2179 747 2209 et
777 2185 904 2223 super
935 2183 1062 2222 quam
1092 2176 1268 2218 regnant
1299 2174 1374 2204 etc.

262 2240 308 2295 7)
340 2241 466 2282 Rom.
496 2241 548 2288 V,
581 2240 648 2283 12.

261 2311 306 2367 ⁸)
338 2311 507 2351 Desunt
537 2311 683 2350 verba:
715 2306 870 2361 „gratia
901 2306 1025 2355 Dei,“
1043 2305 1087 2346 in
1119 2304 1239 2347 editis
1270 2305 1330 2360 (v,
1355 2320 1387 2343 e.
1408 2301 1451 2342 in
1473 2301 1568 2342 edd,

276 2380 316 2408 et
346 2367 389 2406 in
418 2365 632 2422 plerisque
662 2365 763 2406 B'Iss.
793 2365 845 2405 R.
875 2389 927 2395 —
962 2363 1049 2404 Csr.
1078 2363 1205 2404 Rom.
1235 2362 1288 2410 V,
1321 2362 1386 2404 15.

262 2438 307 2492 9)
338 2439 449 2479 Edd.
497 2438 559 2478 Μ.
605 2447 645 2476 et
685 2436 737 2476 R.
787 2435 869 2478 hoo
914 2435 1034 2483 loco,
1078 2435 1151 2475 csr.
1196 2450 1237 2488 p.
1277 2432 1374 2474 357.
1412 2441 1500 2470 not.
1531 2430 1568 2471 5.

148 2495 444 2545 „abundavitf‘

241 2566 312 2620 ¹⁰)
340 2567 473 2606 Deest
503 2564 686 2615 „gratia“
715 2560 760 2601 in
792 2560 911 2601 editis
952 2560 1010 2615 (e.
1052 2576 1084 2600 c.
1123 2557 1167 2599 in
1199 2559 1295 2600 cdd.
1325 2556 1426 2611 Μ),
1457 2567 1498 2595 et
1528 2554 1567 2594 in

149 2622 361 2678 plerisque
392 2623 494 2663 Mss.
524 2621 576 2660 R.
607 2647 662 2655 -
695 2617 781 2660 Cfr.
810 2619 935 2658 Rom.
964 2618 1018 2667 V,
1052 2617 1114 2658 16.

239 2690 310 2745 ¹¹)
339 2693 465 2733 Rom.
495 2692 548 2740 V,
580 2690 645 2732 17,

242 2761 309 2812 ¹2)
344 2761 457 2801 Edd.
488 2759 685 2801 Merlini:
719 2771 759 2800 et
790 2760 901 2799 dona
935 2755 1115 2813 justitiae
1147 2767 1225 2797 etc.

240 2831 310 2880 ¹³)
340 2831 450 2871 Edd.
479 2829 677 2872 Merlini:
710 2840 896 2882 regnant.

148 2368 228 2409 MA

211 2399 242 2422 jv
