1788 3111
521 98 961 144 COMMENTARIORUM
990 101 1079 145 Lm.
1109 101 1161 143 ΙΙ.
1495 103 1549 146 77

135 212 189 253 ad
219 211 435 268 parietem,
467 225 507 254 et
535 214 731 255 mordeat
761 229 858 254 eum
877 230 1060 270 serpens.
1105 214 1261 255 Nonne
1282 214 1324 269 ¹)
1346 216 1547 259 tenebrae

132 301 231 331 sunt
262 289 349 331 dies
379 290 580 341 Domini,
620 302 660 332 et
688 307 779 331 non
808 292 902 340 lux,
943 302 984 332 et
1023 290 1178 343 caligo,
1221 307 1328 346 quae
1356 309 1447 334 non
1476 309 1544 335 rc-

130 367 393 422 splendet?“
451 369 537 410 Sed
568 379 608 409 et
637 367 736 409 Joel
767 367 868 409 dicit
899 369 952 409 ad
983 369 1243 418 sacerdotes,
1277 380 1318 409 et
1347 385 1438 419 eos,
1471 371 1545 426 qui

128 444 249 485 altari
268 444 528 486 deserviunt:
558 446 763 496 „clamate
777 445 824 501 2)
854 446 907 486 ad
925 444 1164 486 Dominum
1182 444 1271 486 sinc
1289 445 1542 489 cessatione:

127 522 210 563 heu
240 539 332 572 me,
373 524 456 564 heu
495 537 564 562 me
592 522 637 564 in
668 523 805 573 diem,
844 522 940 578 quia
970 538 1109 578 prope
1139 534 1199 563 est
1229 521 1316 564 dies
1347 523 1542 574 Domini,

128 611 169 640 ct
196 599 303 640 sicut
320 599 487 641 miseria
505 615 552 640 ex
577 598 743 640 miseria
760 599 917 641 veniet:
933 605 957 624 “
986 610 1027 640 et
1046 611 1143 654 post
1164 615 1319 655 pauca:
1350 599 1541 654 „tub-13)

126 676 262 717 canite
290 676 335 716 in
366 677 486 726 Sion,
514 676 755 732 praedicate
785 676 830 717 in
859 689 1007 718 monte
1036 688 1181 718 sancto
1212 692 1331 725 meo,
1363 688 1404 717 et
1434 693 1539 717 con-

123 754 358 794 fundantur
389 771 553 804 omnes,
596 754 668 811 qui
696 754 888 796 habitant
919 771 1046 812 super
1074 766 1251 804 terram,
1292 753 1390 809 quia
1421 755 1540 795 adest

122 830 210 872 dies
234 830 426 882 Domini,
459 832 555 887 quia
585 849 723 888 prope
753 845 813 874 est
845 832 931 874 dies
961 833 1234 874 tenebrarum
1267 843 1308 872 et
1338 830 1538 884 caliginis,

121 908 208 949 dies
236 908 362 950 nubis
392 921 433 951 et
461 910 656 952 nebulae.
711 910 830 953 Sicut
846 908 1102 951 matutinum
1134 910 1380 949 effundetur
1408 924 1536 963 super

117 997 284 1027 montes
313 987 500 1042 populus
530 988 689 1028 multus
728 999 769 1029 et
804 987 938 1029 fortis.
998 986 1155 1030 Similis
1195 985 1232 1027 ei
1269 1001 1360 1026 non
1399 984 1480 1025 fuit
1510 1000 1534 1025 a

116 1063 308 1113 saeculo,
347 1075 388 1104 et
423 1076 522 1120 post
560 1064 698 1121 ipsum
737 1081 827 1106 non
859 1064 937 1106 erit
965 1080 1101 1120 usque
1129 1063 1173 1103 in
1213 1079 1347 1104 annos
1377 1061 1535 1104 saeculi

117 1141 396 1183 saeculorum.
455 1143 567 1183 Ante
597 1141 735 1198 ipsum
765 1141 870 1195 ignis
901 1157 1166 1191 consumenS,
1198 1152 1239 1182 et
1265 1152 1363 1197 post
1391 1139 1531 1196 ipsum

114 1218 284 1259 {lamma
333 1235 517 1260 accensa.
584 1219 704 1261 Sicut
750 1220 968 1275 paradisus
1014 1218 1261 1260 deliciarum
1303 1215 1382 1257 erit
1418 1227 1531 1256 terra

114 1307 210 1336 ante
239 1295 390 1337 faciem
422 1295 523 1354 ejus,
555 1309 595 1337 et
623 1308 723 1353 post
751 1310 916 1351 tergum
947 1295 1035 1354 ejus
1066 1312 1238 1351 campus
1254 1293 1300 1345 ⁴²)
1332 1291 1526 1335 extermi-

114 1371 186 1422 nii,
218 1384 258 1413 et
286 1374 429 1414 nullus
460 1385 532 1423 est,
564 1373 637 1429 qui
669 1376 816 1416 evadat
846 1391 956 1415 eum.
1003 1373 1123 1416 Sicut
1151 1374 1371 1427 adspectus
1392 1386 1526 1425 equo-

110 1467 208 1491 rum
236 1449 362 1492 facies
393 1467 564 1502 eorum,
604 1463 645 1493 et
674 1451 780 1493 sicut
811 1451 991 1507 equites,
1022 1450 1078 1492 ita
1108 1459 1347 1505 sequentur.
1407 1446 1526 1488 Sicut

110 1544 188 1568 vox
220 1545 423 1569 curruum
460 1545 587 1585 super
623 1529 796 1571 vertices
833 1529 1046 1570 montium
1085 1526 1308 1568 insilient.“
1366 1525 1452 1566 Sed
1483 1534 1525 1564 ct

109 1604 251 1645 omnia
291 1604 335 1646 in
372 1606 727 1661 consequentibus
766 1607 820 1647 de
858 1605 1073 1660 eodem⁵)
1113 1603 1257 1645 scribit
1292 1617 1428 1657 usque
1467 1602 1524 1642 ad

107 1700 204 1724 eum
235 1682 392 1732 locum,
422 1682 498 1723 ubi
529 1682 648 1723 dicit:
679 1683 807 1738 „et⁶)
839 1681 1053 1723 Dominus
1084 1679 1201 1722 dabit
1220 1695 1370 1720 vocem
1401 1673 1531 1719 suam'

103 1771 201 1801 ante
229 1760 379 1801 faciem
409 1759 571 1801 virtutis
600 1776 710 1810 suae,
744 1759 839 1816 quia
871 1759 1016 1813 ingens
1047 1769 1108 1800 est
1136 1758 1258 1799 valde
1286 1755 1519 1798 multitudo

103 1849 338 1878 castrorum
368 1836 479 1895 ejus,
520 1849 560 1879 et
588 1836 724 1878 valida
756 1853 884 1893 opera
914 1838 1144 1878 verborum
1176 1833 1276 1892 ejus.
1333 1833 1520 1889 Propter

103 1915 221 1971 quod
268 1914 503 1971 magnus7)
559 1927 619 1956 est
664 1913 751 1956 dies
796 1913 996 1964 Domini,
1051 1929 1227 1965 magnus
1273 1923 1314 1954 et
1359 1909 1517 1952 nobilis

100 1993 242 2033 valde:
288 2004 328 2034 et
372 1992 462 2049 quis
504 1991 582 2034 erit
618 1991 798 2034 idoneus
831 1990 936 2033 ei?“
995 1988 1296 2047 Sophonias⁸)
1328 2005 1428 2030 vero
1458 1989 1516 2031 ita

219 2175 262 2225 ¹)
292 2176 404 2216 Edd.
434 2174 627 2216 Merlini:
659 2176 814 2216 Nonne
843 2175 1064 2225 tenebrae,
1107 2186 1147 2215 et
1186 2191 1274 2217 non
1314 2175 1384 2217 lux
1415 2188 1511 2218 sunt

96 2230 183 2273 dies
213 2231 406 2282 Domini,
438 2242 514 2272 etc.

211 2301 257 2355 2)
288 2301 398 2342 J0e1.
429 2303 461 2351 I,
493 2301 559 2344 14.
588 2303 652 2344 15.

210 2372 257 2427 ³)
288 2372 398 2413 Joel.
429 2373 483 2422 II,
515 2374 654 2417 1—5.

209 2442 254 2498 ⁴)
286 2442 356 2484 Sic
388 2459 534 2483 omnes
564 2443 664 2484 Mss.
711 2441 826 2484 Editi
841 2458 940 2482 vero
963 2441 1021 2497 (e.
1042 2459 1075 2482 c.
1100 2442 1195 2483 edd.
1215 2441 1321 2498 M.):
1352 2455 1504 2499 „caput

92 2498 366 2540 exterminii.“
394 2500 522 2540 Nlale.
552 2501 603 2540 R.

207 2569 252 2623 ⁵)
281 2570 391 2612 Edd.
422 2569 483 2610 Μ.
516 2580 556 2610 et
583 2570 633 2610 R.
665 2570 704 2611 h.
729 2570 840 2618 1000,
872 2569 945 2609 cfr.
975 2585 1015 2624 p.
1036 2569 1100 2612 76.
1131 2580 1219 2610 not.
1242 2570 1295 2619 7.,
1325 2566 1499 2610 eadem.

203 2638 250 2694 ⁶)
279 2639 390 2680 Joel.
420 2639 475 2688 Π,
506 2642 571 2685 11.

204 2707 249 2762 ⁷)
278 2709 390 2750 Edd.
420 2709 483 2749 M.
515 2719 555 2749 et
583 2708 634 2749 R.
666 2711 704 2752 h.
735 2709 857 2760 loco,
889 2712 962 2753 cfr.
995 2726 1085 2767 pag.
1116 2711 1181 2754 76.
1212 2721 1300 2751 not.
1330 2711 1381 2760 7.,
1410 2709 1496 2752 bis:

85 2779 268 2822 magna.
324 2766 432 2806 Item
461 2764 506 2806 in
537 2782 650 2822 seqq.

199 2834 247 2890 8)
277 2835 408 2892 zeph.
438 2836 470 2888 Ι,
501 2837 538 2879 7.
