1788 3111
524 123 966 165 COMMENTARIORUM
996 124 1085 166 Lm.
1115 124 1166 163 ΙΙ.
1497 124 1553 167 89

139 238 218 278 vita
258 248 448 284 aeterna,
490 247 537 276 ut
575 246 833 287 cognoscant
868 247 909 276 tc
946 237 1083 277 solum
1123 253 1267 277 verum
1300 237 1467 286 Deum,
1513 248 1552 277 ct

140 330 264 370 quem
298 313 463 361 misisti,
502 313 646 355 Jesum
680 311 934 354 Christum.“
1000 312 1083 354 Per
1111 314 1230 369 quod
1264 314 1468 363 ostendit,
1506 314 1551 354 in

141 391 352 442 agnitione
382 390 465 431 Dei
497 402 535 431 et
562 388 717 430 Christi
747 390 862 439 JeSU,
890 390 995 431 vitae
1026 402 1221 431 aeternae
1252 406 1424 431 manere
1452 392 1551 432 sub-

138 468 347 509 stantiam.
405 466 574 518 Agnitio
605 482 704 506 vero
736 467 819 507 Dei
851 468 1075 522 quomodo
1111 468 1259 508 haberi
1288 468 1440 523 possit,
1474 471 1551 509 do-

141 562 288 586 cemur
317 546 358 586 in
391 543 579 592 Psalmis,
611 560 707 584 cum
741 543 974 599 dicitur-1¹)
1005 544 1235 599 „vacatc²)
1269 555 1307 585 et
1330 546 1554 596 agnoscite,

141 622 345 678 quoniam
377 637 452 673 ego
482 638 573 662 sum
605 621 764 662 Deus.“

253 699 292 740 6.
324 699 425 748 „His
443 697 488 754 3)
520 711 672 748 autem,
703 699 774 753 qui
807 715 852 739 ex
884 700 1171 749 contentione,
1203 698 1332 754 etqui
1355 698 1554 739 diffidunt

141 775 311 830 quidem
355 775 534 824 veritati,
574 775 928 831 obtemperant4)
971 791 1108 818 autem
1150 774 1381 832 iniquitati,
1423 774 1484 816 ira
1518 787 1558 816 ct

139 851 394 904 indignatio,
432 853 649 894 tribulatio
683 865 722 894 et
752 852 994 904 angustia!“
1053 852 1140 906 Qui
1176 852 1424 909 simpliciter
1453 853 1556 893 haec

140 927 313 983 accipit,
352 929 546 971 sufficere
587 929 720 971 credit
749 931 801 970 ad
842 931 1124 979 intellectum,
1161 929 1457 984 secundum5)
1497 947 1557 978 ea,

141 1021 249 1060 quae
277 1023 404 1061 supra
436 1007 545 1048 dicta
566 1019 675 1057 sunt,
704 1008 884 1048 reddere
904 1007 1047 1048 Deum
1070 1007 1301 1063 unicuique
1320 1009 1554 1049 secundum

141 1098 273 1137 opera
302 1099 398 1124 sua:
427 1083 471 1124 id
502 1096 572 1133 est,
601 1085 708 1125 sicut
737 1084 831 1133 illis,
861 1083 933 1139 qui
960 1102 1039 1142 per
1060 1084 1305 1141 patientiam
1328 1085 1433 1126 boni
1455 1102 1558 1140 ope-

140 1159 195 1200 ris
213 1159 258 1215 6)
300 1173 509 1215 quaerunt
537 1162 715 1213 gloriam
748 1173 787 1203 et
822 1161 1218 1218 incorruptionem,
1255 1162 1380 1203 vitam
1418 1163 1559 1203 reddit

143 1248 369 1287 aeternam,
403 1238 457 1279 ita
490 1250 528 1279 et
557 1239 656 1288 istis,
687 1239 760 1294 qui
791 1255 837 1280 ex
863 1239 1137 1280 contentione
1157 1239 1357 1280 diffidunt
1386 1240 1556 1295 quidem

141 1313 313 1364 veritati,
346 1317 643 1370 obtemperant
672 1328 813 1356 autem
843 1315 1067 1369 iniquitati,
1095 1316 1202 1356 iram
1238 1328 1276 1357 et
1303 1316 1560 1367 indignatio—

140 1407 265 1438 nem,
308 1391 629 1433 tribulationem
676 1403 716 1433 et
754 1392 987 1444 angustiam
1034 1394 1196 1433 reddat.
1264 1393 1351 1434 Sed
1394 1393 1465 1448 qui
1514 1392 1559 1432 in

141 1467 401 1522 Apostolicis
440 1469 589 1518 literis,
626 1468 766 1524 per7)
807 1485 908 1523 quas
940 1468 1128 1509 Christus
1161 1468 1374 1524 loquitur,
1412 1467 1560 1526 jotaS)

141 1561 299 1592 unum,
329 1557 402 1586 aut
430 1563 567 1587 unum
598 1545 763 1601 apiCem
793 1562 883 1586 non
916 1545 1048 1586 credit
1079 1546 1282 1594 otiosum,
1312 1544 1561 1586 asseverabit

142 1638 234 1662 non
275 1638 354 1676 per
391 1639 578 1663 errorem
619 1623 832 1678 Apostolo
874 1622 1113 1673 contigisse,
1151 1634 1198 1662 ut
1231 1621 1305 1662 tali
1340 1623 1562 1669 locutione

141 1709 349 1748 uteretur,
391 1698 553 1741 dicens:
593 1699 751 1754 „qui⁹)
782 1700 931 1740 reddet
960 1698 1023 1739 his
1054 1698 1250 1753 quidem,
1283 1698 1355 1753 qui
1377 1715 1456 1754 per
1483 1715 1561 1754 pa-

140 1774 329 1816 tientiam
360 1775 467 1816 boni
504 1777 642 1832 operis
672 1776 850 1827 gloriam
886 1788 925 1816 ct
947 1776 1161 1816 honorem
1183 1787 1404 1831 quaerunt,
1433 1775 1561 1816 vitam

144 1858 398 1893 aeternam.‘'·
467 1851 544 1894 His
588 1871 709 1903 vero,
747 1853 819 1909 qui
860 1869 906 1893 ex
947 1852 1224 1893 contentione
1264 1854 1562 1908 obtemperant

142 1928 374 1985 iniquitati,
412 1946 504 1971 non
524 1929 594 1983 ¹⁰)
625 1930 746 1971 dixit:
783 1931 914 1981 „iram
949 1940 988 1969 et
1016 1929 1407 1980 indignationem:“
1447 1941 1492 1970 ut
1523 1940 1563 1970 ct

144 2006 229 2047 hoc
259 2007 467 2047 referatur
496 2008 549 2048 ad
579 2009 793 2057 „reddet“,
824 2007 942 2062 quod
971 2005 1162 2061 superius
1195 2006 1366 2057 dixerat,
1393 2007 1465 2048 sed
1488 2007 1560 2048 ait:

266 2171 308 2227 Ι)
338 2172 449 2214 Edd.
478 2173 675 2214 Merlini:
709 2173 819 2214 dicit.

262 2242 310 2297 2)
340 2242 494 2284 Psalm.
524 2243 675 2291 XLVI,
706 2245 770 2287 10.
801 2243 979 2298 (XLV.)

263 2312 310 2357 3)
340 2313 466 2354 Rom.
498 2313 550 2362 Π,
580 2315 616 2356 8.
647 2312 685 2354 9.
718 2314 814 2354 coll.
847 2314 943 2354 edd.
973 2313 1024 2353 N.
1056 2312 1105 2353 T.
1139 2325 1178 2354 et
1207 2329 1248 2369 p.
1279 2313 1346 2357 83.
1377 2324 1466 2354 not.
1495 2314 1534 2355 9.

265 2381 310 2436 ¹²)
339 2383 450 2424 Edd.
479 2382 673 2423 Merlini:
703 2384 946 2431 „creduntf‘

267 2452 311 2506 5)
340 2454 472 2493 Deest
501 2454 789 2501 „sec1111d11n1“
819 2452 863 2492 in
892 2452 997 2494 BIsc.
1030 2453 1128 2505 ch.
1160 2471 1277 2495 num.
1302 2452 1423 2496 1639.
1461 2454 1510 2492 R.

264 2522 312 2577 θ)
343 2523 456 2563 Editi
486 2525 544 2576 (c.
577 2540 610 2563 c.
646 2525 740 2564 edd.
771 2522 880 2577 M.):
915 2524 1082 2578 „operis
1114 2525 1312 2571 credunt,
1343 2524 1403 2562 vel
1437 2539 1564 2576 quac-

151 2590 251 2620 runt
274 2579 478 2630 gloriam“
500 2591 573 2620 etc.
610 2578 709 2621 Mss.
730 2596 877 2620 omnes
898 2581 1115 2620 omittunt:
1140 2581 1357 2629 „credunt,
1378 2580 1482 2619 vel.“
1515 2579 1562 2618 R.

268 2648 313 2703 7)
344 2650 405 2690 lta
438 2647 741 2689 Gencbrarflus
772 2647 980 2703 (itemque
999 2651 1062 2690 ed.
1080 2649 1142 2690 M.
1161 2648 1247 2704 IL).
1296 2648 1382 2688 Sed
1413 2649 1565 2688 caen-ri

157 2703 255 2745 editi
275 2710 334 2758 (e.
357 2722 391 2745 c.
414 2707 510 2746 edd.
527 2705 587 2744 Μ.
607 2704 673 2758 1.),
692 2715 731 2744 et
749 2704 849 2745 Mss.
870 2704 1003 2745 nostri
1025 2720 1193 2746 omnes:
1226 2720 1329 2760 „per
1345 2710 1491 2759 quos.“
1514 2703 1562 2743 R.

268 2773 315 2827 8)
344 2774 494 2816 Matth.
524 2774 576 2824 V,
605 2774 674 2822 18,
790 2774 835 2829 9)
866 2773 991 2815 Rom.
1022 2774 1076 2824 II,
1105 2775 1141 2818 6,
1175 2776 1212 2817 7,

248 2841 317 2897 ¹⁰)
348 2843 459 2886 Edd.
490 2843 683 2885 Merlini:
717 2855 755 2884 et
783 2861 873 2885 non
905 2843 1017 2885 dixit.
