1788 3111
523 108 967 152 COMMENTAmonum
996 106 1087 149 Lm.
1116 106 1176 149 IV
1179 137 1190 148 .
1485 105 1571 150 235

149 237 190 270 et
218 226 262 268 in
292 225 376 267 alio
408 221 713 280 Scripturae¹)
744 222 844 262 loco
868 219 1082 275 dicitur2)
1114 220 1166 260 de
1191 218 1422 270 Abraham,
1451 220 1572 276 quod

151 320 200 346 ex
231 302 433 360 operibus
462 301 562 342 fidei
590 299 834 356 justificatus
864 298 927 349 sit,
959 297 1056 353 quia
1076 308 1236 338 certum
1268 308 1338 346 est,
1368 313 1480 346 eum,
1499 296 1573 352 qui

150 397 247 423 vere
285 379 443 429 credit,
483 395 591 434 opus
630 377 755 425 fidei,
787 387 826 417 et
854 372 1118 433 justitiae‚3)
1151 384 1191 415 et
1218 374 1345 415 totius
1374 374 1575 416 bonitatis

153 456 336 514 operari,
367 468 406 497 et
436 470 635 511 capacem
666 453 757 495 fieri
785 453 1004 508 utriusque
1027 451 1198 504 gloriae,
1226 462 1311 492 tam
1337 450 1437 508 ejus,
1465 467 1576 507 quae

154 536 271 591 apud
300 533 441 574 Deum
472 531 514 571 in
529 530 577 586 4)
606 531 777 572 occulto
810 542 881 579 est,
912 547 1038 586 quam
1072 530 1195 571 etiarn
1229 526 1329 583 ejus,
1360 545 1469 583 quae
1497 545 1575 584 pa-

152 612 237 653 lam
271 622 348 659 est,
387 620 427 650 et
461 625 552 648 non
595 608 735 648 solum
767 610 882 663 apud
914 607 1056 648 Deum
1088 619 1157 648 est.
1214 604 1290 647 His
1318 605 1374 646 ita
1406 622 1487 662 pro
1518 606 1578 648 vi-

154 688 271 729 ribus
301 684 552 744 explanatis,
581 683 704 725 etiam
730 685 837 725 illud
868 686 1225 739 praetereundum
1256 684 1432 724 minime
1461 683 1581 724 vide-

155 775 237 812 tur,
263 763 380 818 quod
405 772 570 817 patrem
600 772 793 803 nostrum
811 763 1047 803 secundum
1075 778 1246 802 carnem
1277 760 1515 802 nominavit
1531 759 1576 816 ⁵)

154 840 388 882 Abraham.
457 836 660 879 Gentium
713 838 868 879 etenim
920 850 1038 893 pater
1076 839 1296 879 Abraham
1343 838 1580 880 secundum

157 917 301 966 fidem,
329 933 419 957 non
461 917 698 957 secundum
737 932 908 956 carnem
947 915 1123 956 videtur.
1180 917 1290 956 Nam
1320 916 1449 971 ipsius
1489 913 1583 970 qui-

157 995 258 1037 dem
287 994 487 1049 Apostoli
517 1003 655 1049 potest
685 1004 723 1033 et
752 994 988 1035 secundum
1020 1009 1192 1034 carnem
1225 992 1329 1034 dici:
1363 1009 1410 1033 cx
1432 1007 1583 1045 genere

158 1072 273 1114 enim
312 1069 543 1112 Israelitico
583 1070 707 1112 etiam
743 1072 980 1111 secundum
1020 1087 1191 1112 carnem
1240 1082 1402 1126 patrem
1440 1067 1584 1110 nomi-

158 1165 262 1190 nare
277 1148 322 1205 ⁶)
352 1147 493 1203 potuit
532 1148 776 1189 Abraham:
818 1159 1007 1189 caeterae
1048 1164 1147 1188 vero
1191 1158 1331 1199 gentes
1362 1145 1405 1187 in
1435 1144 1584 1201 spiritu

161 1242 258 1267 eum
292 1237 479 1282 patrem,
514 1241 606 1265 non
645 1224 689 1265 in
728 1240 856 1265 carne
891 1225 1202 1266 nominabunt:
1245 1225 1325 1266 nisi
1363 1234 1513 1278 utpote
1540 1221 1586 1262 in

164 1303 270 1344 locis
300 1301 356 1343 ita
387 1301 568 1352 angustis
608 1302 662 1342 ad
702 1302 953 1352 allegoricae
988 1302 1288 1354 intelligentiae
1317 1300 1585 1342 latitudinem

164 1390 475 1428 convertamur,
503 1377 639 1433 ubi7)
676 1390 798 1434 pater
833 1379 1069 1421 secundum
1110 1395 1280 1420 carnem
1323 1378 1457 1434 accipi
1488 1388 1586 1433 pot-

165 1467 224 1498 est
268 1456 324 1505 is,
378 1454 451 1511 qui
490 1455 712 1497 doctrinae
752 1457 952 1506 carnalis,
1002 1456 1046 1497 id
1083 1468 1163 1505 est,
1212 1456 1310 1507 legis
1351 1457 1587 1497 secundum

163 1534 327 1574 literam
369 1531 507 1588 prima
549 1533 756 1575 elementa
794 1532 1033 1582 tradiderit,
1073 1544 1111 1573 et
1148 1533 1343 1584 magister
1372 1533 1416 1573 in
1448 1532 1589 1574 divina

164 1612 256 1663 lege
284 1610 450 1666 primae
478 1609 750 1651 institutionis
791 1608 996 1650 exstiterit.
1055 1609 1190 1664 Quod
1228 1621 1367 1651 autem
1406 1610 1590 1661 magistri

165 1688 292 1730 etiam
339 1698 478 1743 patres
521 1688 812 1742 appellentur,
866 1697 905 1728 et
947 1688 1179 1742 Apostolus
1222 1686 1379 1727 Paulus
1416 1686 1590 1740 dieit‚⁸>

168 1765 268 1821 quia
307 1764 378 1815 „in
416 1763 587 1805 Christo
626 1763 728 1804 Jesu
768 1778 846 1819 per
892 1763 1153 1814 evangelium
1194 1779 1270 1815 ego
1312 1781 1385 1805 vos
1427 1751 1590 1815 genui.“

169 1843 256 1885 Sed
287 1854 327 1884 et
355 1854 421 1892 tu,
462 1841 535 1897 qui
564 1840 684 1893 legis,
724 1856 772 1881 ex
802 1840 950 1883 divinis
985 1841 1273 1882 voluminibus
1309 1841 1397 1896 ipse
1424 1840 1502 1882 tibi
1531 1851 1591 1881 te-

168 1919 367 1963 stimonia
397 1920 440 1961 in
472 1920 557 1960 hoc
587 1917 861 1974 adspicientia
880 1929 1148 1970 congregato.
1194 1918 1383 1960 Additur
1412 1918 1455 1959 in
1488 1934 1592 1958 con-

169 1997 461 2053 sequentibus:
494 1995 758 2051 „credidit⁹>
788 1995 1008 2037 Abraham
1039 1996 1159 2046 Deo,
1191 2007 1229 2036 et
1259 2007 1501 2051 reputatum
1533 2007 1592 2037 est

292 2114 336 2170 ¹)
364 2114 476 2159 Edd.
507 2112 698 2153 Merlini:
729 2113 827 2153 loco
858 2112 1101 2168 scripturae.

289 2184 336 2240 ²)
368 2185 519 2225 Jacob.
548 2183 599 2232 Π,
629 2184 697 2226 21.
727 2183 795 2224 22.

291 2254 338 2310 3)
367 2254 479 2294 Edd.
515 2252 709 2294 Merlini:
743 2263 782 2292 et
808 2250 987 2309 justitiae
1019 2250 1211 2307 operari,
1244 2264 1281 2292 et
1312 2253 1436 2296 totius
1468 2253 1595 2295 boni-

175 2311 277 2362 tatis,
307 2323 345 2352 et
376 2326 578 2365 capacem
610 2319 686 2350 etc.

291 2380 337 2436 ⁴²)
367 2380 479 2422 Edd.
508 2379 701 2421 Merlini:
733 2391 792 2421 est
821 2378 865 2420 in
898 2380 1080 2421 occulto.

294 2451 338 2505 ⁵)
370 2451 496 2492 Rom.
527 2451 600 2498 lV,
631 2451 667 2491 1.

294 2522 339 2577 ⁶)
371 2521 497 2570 Editi,
537 2520 606 2561 alii
636 2521 694 2577 (e.
726 2537 759 2561 c.
793 2523 857 2562 ed.
907 2520 966 2560 M.
1009 2519 1106 2575 H.):
1140 2521 1378 2572 nominat,
1423 2522 1491 2563 alii
1535 2522 1591 2577 (V.

180 2596 214 2618 c.
248 2579 310 2619 ed.
343 2578 400 2619 M.
431 2578 508 2632 l):
540 2580 800 2629 nominare,
835 2577 990 2619 omisso
1021 2578 1188 2632 potuit.
1248 2577 1351 2619 Msc.
1383 2597 1490 2623 unus
1523 2580 1596 2621 lia-

180 2635 251 2674 bct
280 2633 410 2684 solet,
440 2651 519 2689 pio
549 2636 716 2690 potuit.
778 2635 915 2675 Alter:
949 2634 1219 2674 nominavit.
1253 2636 1301 2676 R.

296 2701 341 2757 ⁷)
375 2703 453 2743 Ed.
486 2703 545 2744 M.
577 2704 628 2744 Π,
660 2706 791 2746 male:
824 2715 880 2745 ut.

299 2771 344 2826 ⁹)
377 2772 394 2810 I
427 2771 525 2815 Cor.
558 2774 628 2823 IV,
660 2775 724 2819 15.

300 2841 345 2891 ⁹)
376 2843 500 2884 Rom.
531 2843 602 2893 IV,
630 2845 668 2887 3.
701 2846 797 2887 coll.
830 2844 979 2887 Genes.
1009 2844 1103 2894 XV,
1133 2847 1172 2888 6.
