1788 3111
536 101 978 146 COMMENTAmonum
1006 101 1097 142 LJB.
1128 101 1179 144 V.
1483 102 1565 145 331

149 218 368 275 Scriptura
399 216 539 259 divina
568 214 754 258 siluisset.
812 213 899 255 Sed
939 224 979 254 et
1010 212 1045 254 si
1076 212 1167 268 quis
1197 213 1316 264 velit,
1354 214 1474 269 quod
1502 213 1568 254 bi-

148 295 270 351 bit¹)
309 294 476 345 vinum,
508 304 547 334 et
573 292 802 334 inebriatus
832 302 911 340 est,
941 306 990 331 ae
1017 290 1225 339 nudatus,
1251 302 1473 345 reputare,
1501 290 1567 331 in-

148 372 287 414 veniet
327 388 374 413 ex
414 371 478 413 his
508 370 706 412 omnibus
746 384 839 409 non
876 365 1091 408 immerito
1133 367 1186 406 ab
1219 368 1430 422 Apostolo
1463 367 1567 408 dici:

148 450 277 505 „in²)
319 466 406 505 quo
454 463 602 489 omnes
652 448 996 501 peccaveruntz“
1043 445 1167 486 etiam
1214 443 1248 485 si
1301 444 1504 495 evigilavit
1520 443 1567 500 3)

147 528 243 568 Noe
273 543 296 567 a
327 526 424 566 vino
455 541 545 566 suo.
605 522 724 577 Quid
756 533 896 563 autem
927 520 1065 562 dicam
1096 531 1136 561 et
1165 521 1218 561 de
1238 521 1468 570 Abraham,
1501 521 1567 562 cui

149 603 325 646 dicitur:
364 601 510 656 ,‚exi⁴)
551 602 604 641 de
633 611 743 641 terra
784 611 876 648 tua,
907 610 946 639 et
975 600 1028 639 de
1046 598 1301 651 cognatione
1330 610 1415 647 tua,
1446 609 1485 638 et
1515 600 1568 640 de

149 683 283 722 domo
331 678 459 735 patris
505 675 623 717 tui?“
696 676 830 730 Quod
874 677 1021 731 utique
1059 691 1150 716 non
1181 675 1416 724 diceretur,
1460 675 1494 716 si
1523 676 1566 716 in

149 759 283 798 domo
322 755 451 811 patris
488 753 586 794 Deo
625 754 797 809 placere
833 753 1046 808 potuisset.
1113 754 1198 794 Sed
1236 769 1328 793 non
1371 769 1479 808 opus
1511 765 1570 795 est

149 851 245 875 cum
276 831 434 884 ingenti
464 830 657 886 periculo
696 829 742 870 in
785 829 849 871 his
877 830 1065 881 singulos
1095 846 1288 885 quosque
1318 846 1569 871 enumerare

144 922 404 958 sanctorum,
436 924 532 949 cum
561 906 744 948 sufficiat
775 917 813 947 et
844 907 1042 963 Apostoli
1068 907 1287 956 sententia,
1316 924 1424 963 quae
1450 925 1569 949 mor-

144 998 230 1027 tem
261 985 423 1039 dicit5)
451 985 495 1025 in
528 1000 676 1025 omnes
718 983 914 1025 homines
943 983 1229 1039 pertransisse,
1275 996 1313 1025 et
1342 986 1466 1035 illius,
1496 986 1569 1042 qui

147 1063 268 1105 dixit:
299 1078 452 1113 „nemo
469 1061 514 1116 6)
546 1063 732 1102 mundus
764 1078 786 1102 a
816 1062 965 1110 sorde,
1003 1060 1162 1102 etiamsi
1201 1061 1326 1104 unius
1365 1062 1447 1104 diei
1478 1065 1569 1105 fue-

145 1141 199 1182 rit
228 1140 309 1181 vita
341 1139 466 1196 ejus.“
525 1138 611 1179 Sed
640 1138 715 1179 ista
748 1155 864 1179 mors
893 1137 1069 1193 peccati,
1099 1155 1207 1193 quae
1231 1140 1275 1181 in
1293 1156 1440 1182 omnes
1470 1158 1569 1197 per-

147 1216 321 1265 transiit,
353 1232 449 1256 cum
481 1215 657 1255 venisset
688 1216 742 1256 ad
772 1215 939 1265 Jesum,
980 1227 1020 1256 et
1046 1227 1242 1258 tentasset
1282 1234 1379 1257 eum
1422 1221 1569 1273 perfo-

148 1310 242 1334 rare
282 1293 430 1333 aculeo
471 1308 573 1340 suo,
612 1316 664 1322 -—
706 1291 963 1345 „aculeus⁷)
1007 1292 1118 1333 enim
1158 1293 1307 1335 mortis
1345 1308 1567 1350 peccatum

149 1375 232 1412 est“
265 1395 329 1419 ——‚
362 1370 529 1424 repulsa
561 1380 620 1409 est
650 1380 688 1409 et
719 1370 946 1410 confracta.
1005 1370 1126 1419 „Vita
1143 1370 1189 1425 8)
1229 1371 1341 1412 enim
1373 1380 1499 1422 erat,“
1529 1386 1570 1415 et

146 1464 262 1488 mors
291 1447 529 1488 necessario
569 1446 927 1487 exterminabatur
966 1462 986 1485 a
1020 1447 1122 1487 vita:
1164 1459 1203 1488 et
1236 1460 1339 1490 tunc
1380 1452 1434 1491 ad
1475 1467 1566 1493 eam

148 1522 321 1563 dicitur:
361 1522 463 1572 „ubi
479 1521 524 1578 9)
566 1534 646 1572 est,
686 1540 824 1572 mors,
870 1523 1039 1563 aculeus
1068 1523 1196 1565 tuus?
1234 1526 1310 1566 ubi
1341 1540 1410 1577 est,
1440 1546 1570 1581 mors,

145 1598 320 1640 VIctoria
350 1597 476 1640 tua?“
534 1600 700 1641 Idcirco
733 1599 860 1650 enim,
890 1599 988 1656 quia
1018 1617 1165 1643 omnes
1195 1602 1372 1653 vicerat,
1401 1605 1469 1646 hic
1506 1606 1570 1647 di—

148 1678 257 1717 citur
286 1677 341 1717 ad
363 1692 478 1717 eam:
510 1676 612 1727 „ubi
638 1688 708 1726 est,
736 1693 866 1725 mors,
895 1677 1071 1719 victoria
1101 1677 1224 1720 tua?“
1271 1679 1358 1722 Sed
1389 1694 1430 1722 et
1451 1686 1570 1738 quod

146 1765 370 1809 peecatum
402 1754 574 1809 quidem
599 1771 690 1796 non
713 1753 815 1795 dixit
839 1754 883 1795 in
904 1771 1049 1796 ornnes
1066 1754 1276 1807 homines,
1303 1760 1378 1800 sed
1408 1760 1478 1809 „in
1498 1757 1569 1816 ¹⁰)

145 1833 386 1873 mundum“
415 1831 632 1881 introisse,
671 1843 857 1873 mortem
895 1849 994 1873 vero
1027 1849 1115 1874 non
1150 1833 1194 1875 in
1225 1837 1466 1887 mundum,
1495 1841 1568 1880 sed

146 1908 216 1959 „in
247 1925 395 1951 omnes
425 1908 681 1958 homines,“
721 1920 760 1949 et
795 1926 887 1950 non
914 1909 1129 1960 introisse,
1165 1913 1239 1952 sed
1277 1915 1571 1968 pertransisse:

145 2002 237 2026 non
265 1997 399 2041 puto,
440 1987 561 2040 quod
597 1987 751 2027 frustra
788 1986 869 2028 hac
912 1987 1147 2029 diversitate
1182 2005 1279 2030 usus
1317 1990 1370 2030 sit
1397 1990 1568 2033 Paulus.

147 2061 366 2111 Arbitror,
411 2062 531 2117 quod
561 2063 824 2111 „mundum“
869 2063 939 2104 hic
977 2075 1170 2106 terrenos
1211 2082 1403 2121 quosque
1442 2079 1481 2108 et
1523 2069 1569 2110 in

146 2151 313 2180 terrena
361 2137 681 2182 conversatione
730 2152 1026 2194 permanentes
1077 2142 1284 2193 designet:
1323 2144 1571 2193 „homincs“

265 2385 309 2439 ¹)
342 2382 494 2426 Genes.
523 2382 601 2433 IX,
630 2385 697 2427 21.
816 2383 862 2438 2)
892 2382 1019 2424 Rom.
1052 2386 1101 2434 V,
1134 2387 1198 2428 12.

264 2454 311 2505 3)
345 2453 496 2497 Genes.
530 2453 606 2503 IX,
635 2453 701 2497 24.
822 2452 868 2509 4)
902 2453 1051 2496 Genes.
1082 2455 1178 2507 XII,
1210 2461 1246 2501 1.

269 2523 313 2578 ⁵)
344 2524 470 2567 Rom.
501 2524 551 2574 V,
585 2525 649 2570 12.
769 2522 815 2580 6)
847 2524 947 2566 Joh.
978 2526 1095 2577 XIV,
1122 2529 1161 2569 4.
1191 2530 1230 2571 5.

262 2592 310 2647 7)
342 2595 359 2634 1
392 2594 496 2636 Cor.
524 2595 620 2644 XV,
648 2594 716 2637 56.
746 2621 800 2630 —-
832 2594 894 2635 Ita
921 2595 1018 2637 Μεε.
1049 2597 1164 2638 Editi
1185 2615 1281 2639 vcro
1313 2601 1373 2650 (v.
1408 2619 1438 2641 c.
1473 2605 1566 2642 edd.

149 2648 234 2702 Μ.)
263 2666 509 2705 perperam:
549 2652 745 2700 „aculeus
775 2662 865 2692 tum
898 2653 1044 2695 mortis
1085 2656 1276 2709 repulsus
1307 2669 1363 2698 cst
1396 2669 1433 2698 ct
1465 2675 1568 2699 con—

148 2707 313 2747 fractus.
370 2708 492 2748 Vita“
522 2719 598 2749 etc.
634 2707 681 2748 R.

264 2774 311 2827 Β)
340 2775 414 2816 Εν.
443 2777 600 2819 Joann.
632 2779 662 2827 I,
692 2778 730 2819 4.
762 2790 800 2819 et
828 2778 943 2826 XIV,
968 2779 1010 2821 ’6.

263 2843 309 2899 9)
341 2845 359 2886 I
391 2845 492 2888 Cor.
523 2847 618 2897 XV,
646 2847 712 2891 55.
833 2849 905 2904 ¹⁰)
931 2848 1059 2891 Rom.
1092 2851 1141 2898 V,
1172 2855 1237 2896 12.
