<?xml version="1.0" encoding="UTF-8"?>
<!DOCTYPE html PUBLIC "-//W3C//DTD XHTML 1.0 Transitional//EN"
    "http://www.w3.org/TR/xhtml1/DTD/xhtml1-transitional.dtd">
<html xmlns="http://www.w3.org/1999/xhtml" xml:lang="en" lang="en">
 <head>
  <title>
</title>
<meta http-equiv="Content-Type" content="text/html;charset=utf-8" />
  <meta name='ocr-system' content='tesseract 3.04.00' />
  <meta name='ocr-capabilities' content='ocr_page ocr_carea ocr_par ocr_line ocrx_word'/>
</head>
<body>
  <div class='ocr_page' id='page_1' title='image "./operaomniaquaegr06orig/operaomniaquaegr06orig_0046.png"; bbox 0 0 1788 3111; ppageno 0'>
   <div class='ocr_carea' id='block_1_1' title="bbox 234 139 1330 186">
    <p class='ocr_par' dir='ltr' id='par_1_1' title="bbox 234 139 1330 186">
     <span class='ocr_line' id='line_1_1' title="bbox 234 139 1330 186; baseline 0.005 -5"><span class='ocrx_word' id='word_1_1' title='bbox 234 141 292 186; x_wconf 83' lang='grc'><strong>34</strong></span> <span class='ocrx_word' id='word_1_2' title='bbox 574 139 798 184; x_wconf 74' lang='lat' dir='ltr'><strong>Omenms</strong></span> <span class='ocrx_word' id='word_1_3' title='bbox 825 154 873 185; x_wconf 80' lang='lat' dir='ltr'><strong>m</strong></span> <span class='ocrx_word' id='word_1_4' title='bbox 901 141 980 185; x_wconf 71' lang='lat' dir='ltr'><strong>Ep.</strong></span> <span class='ocrx_word' id='word_1_5' title='bbox 1010 154 1070 185; x_wconf 78' lang='lat' dir='ltr'><strong>An</strong></span> <span class='ocrx_word' id='word_1_6' title='bbox 1102 141 1330 186; x_wconf 68' lang='lat' dir='ltr'><strong>RomAuos</strong></span> 
     </span>
    </p>
   </div>
   <div class='ocr_carea' id='block_1_2' title="bbox 223 255 1666 1781">
    <p class='ocr_par' dir='ltr' id='par_1_2' title="bbox 223 255 1666 1781">
     <span class='ocr_line' id='line_1_2' title="bbox 238 255 1666 311; baseline 0.001 -13"><span class='ocrx_word' id='word_1_7' title='bbox 238 255 475 305; x_wconf 75' lang='lat' dir='ltr'><strong>actionem,</strong></span> <span class='ocrx_word' id='word_1_8' title='bbox 516 257 636 311; x_wconf 89' lang='lat' dir='ltr'>quod</span> <span class='ocrx_word' id='word_1_9' title='bbox 676 272 749 299; x_wconf 88' lang='lat' dir='ltr'><strong>eos</strong></span> <span class='ocrx_word' id='word_1_10' title='bbox 785 256 965 299; x_wconf 78' lang='lat' dir='ltr'>miratur</span> <span class='ocrx_word' id='word_1_11' title='bbox 1002 268 1091 299; x_wconf 84' lang='lat' dir='ltr'><strong>tam</strong></span> <span class='ocrx_word' id='word_1_12' title='bbox 1132 258 1214 299; x_wconf 81' lang='lat' dir='ltr'>cito</span> <span class='ocrx_word' id='word_1_13' title='bbox 1254 256 1474 300; x_wconf 84' lang='lat' dir='ltr'>transferri</span> <span class='ocrx_word' id='word_1_14' title='bbox 1504 258 1558 299; x_wconf 83' lang='lat' dir='ltr'><strong>ab</strong></span> <span class='ocrx_word' id='word_1_15' title='bbox 1597 273 1666 308; x_wconf 85' lang='lat' dir='ltr'><strong>eo,</strong></span> 
     </span>
     <span class='ocr_line' id='line_1_3' title="bbox 238 331 1665 389; baseline 0.001 -15"><span class='ocrx_word' id='word_1_16' title='bbox 238 332 314 389; x_wconf 86' lang='lat' dir='ltr'><strong>qui</strong></span> <span class='ocrx_word' id='word_1_17' title='bbox 345 331 511 374; x_wconf 77' lang='lat' dir='ltr'>vocavit</span> <span class='ocrx_word' id='word_1_18' title='bbox 539 348 633 384; x_wconf 83' lang='lat' dir='ltr'><strong>eos,</strong></span> <span class='ocrx_word' id='word_1_19' title='bbox 671 333 717 376; x_wconf 85' lang='lat' dir='ltr'><strong>in</strong></span> <span class='ocrx_word' id='word_1_20' title='bbox 758 335 873 377; x_wconf 81' lang='lat' dir='ltr'>aliud</span> <span class='ocrx_word' id='word_1_21' title='bbox 903 335 1196 387; x_wconf 82' lang='lat' dir='ltr'><strong>Evangelium.</strong></span> <span class='ocrx_word' id='word_1_22' title='bbox 1254 333 1402 376; x_wconf 79' lang='lat' dir='ltr'>Prima</span> <span class='ocrx_word' id='word_1_23' title='bbox 1444 350 1542 387; x_wconf 85' lang='lat' dir='ltr'><strong>ergo</strong></span> <span class='ocrx_word' id='word_1_24' title='bbox 1582 352 1665 377; x_wconf 84' lang='lat' dir='ltr'><strong>vox</strong></span> 
     </span>
     <span class='ocr_line' id='line_1_4' title="bbox 234 408 1666 466; baseline 0.001 -14"><span class='ocrx_word' id='word_1_25' title='bbox 234 408 386 466; x_wconf 79' lang='lat' dir='ltr'>incipit</span> <span class='ocrx_word' id='word_1_26' title='bbox 417 426 439 450; x_wconf 80' lang='lat' dir='ltr'>a</span> <span class='ocrx_word' id='word_1_27' title='bbox 458 409 500 465; x_wconf 91' lang='lat'><strong>¹)</strong></span> <span class='ocrx_word' id='word_1_28' title='bbox 531 409 762 461; x_wconf 75' lang='lat' dir='ltr'>gratiarum</span> <span class='ocrx_word' id='word_1_29' title='bbox 793 413 974 455; x_wconf 78' lang='lat' dir='ltr'><strong>actione.</strong></span> <span class='ocrx_word' id='word_1_30' title='bbox 1033 415 1170 465; x_wconf 70' lang='lat' dir='ltr'><strong>Agere</strong></span> <span class='ocrx_word' id='word_1_31' title='bbox 1205 424 1345 454; x_wconf 85' lang='lat' dir='ltr'><strong>autem</strong></span> <span class='ocrx_word' id='word_1_32' title='bbox 1373 411 1472 453; x_wconf 84' lang='lat' dir='ltr'><strong>Deo</strong></span> <span class='ocrx_word' id='word_1_33' title='bbox 1504 412 1666 464; x_wconf 79' lang='lat' dir='ltr'>gratias,</span> 
     </span>
     <span class='ocr_line' id='line_1_5' title="bbox 235 487 1663 545; baseline 0.002 -17"><span class='ocrx_word' id='word_1_34' title='bbox 235 487 321 529; x_wconf 88' lang='lat' dir='ltr'><strong>hoc</strong></span> <span class='ocrx_word' id='word_1_35' title='bbox 353 499 412 530; x_wconf 88' lang='lat' dir='ltr'><strong>est</strong></span> <span class='ocrx_word' id='word_1_36' title='bbox 439 487 696 530; x_wconf 77' lang='lat' dir='ltr'>sacrificium</span> <span class='ocrx_word' id='word_1_37' title='bbox 714 489 851 530; x_wconf 82' lang='lat' dir='ltr'>laudis</span> <span class='ocrx_word' id='word_1_38' title='bbox 873 490 1051 531; x_wconf 79' lang='lat' dir='ltr'><strong>offerre:</strong></span> <span class='ocrx_word' id='word_1_39' title='bbox 1085 501 1124 530; x_wconf 80' lang='lat' dir='ltr'><strong>et</strong></span> <span class='ocrx_word' id='word_1_40' title='bbox 1147 489 1245 532; x_wconf 84' lang='lat' dir='ltr'><strong>ideo</strong></span> <span class='ocrx_word' id='word_1_41' title='bbox 1268 490 1405 532; x_wconf 82' lang='lat' dir='ltr'>addit:</span> <span class='ocrx_word' id='word_1_42' title='bbox 1423 488 1470 545; x_wconf 84' lang='lat'><strong>²)</strong></span> <span class='ocrx_word' id='word_1_43' title='bbox 1499 489 1663 545; x_wconf 74' lang='lat' dir='ltr'><strong>„pel-³)</strong></span> 
     </span>
     <span class='ocr_line' id='line_1_6' title="bbox 234 564 1662 622; baseline 0 -16"><span class='ocrx_word' id='word_1_44' title='bbox 234 564 384 608; x_wconf 85' lang='lat' dir='ltr'><strong>Jesum</strong></span> <span class='ocrx_word' id='word_1_45' title='bbox 420 564 690 617; x_wconf 79' lang='lat' dir='ltr'><strong>Christum;“</strong></span> <span class='ocrx_word' id='word_1_46' title='bbox 721 567 835 607; x_wconf 80' lang='lat' dir='ltr'><strong>velut</strong></span> <span class='ocrx_word' id='word_1_47' title='bbox 864 582 942 622; x_wconf 84' lang='lat' dir='ltr'><strong>per</strong></span> <span class='ocrx_word' id='word_1_48' title='bbox 960 565 1215 608; x_wconf 78' lang='lat' dir='ltr'><strong>Pontificem</strong></span> <span class='ocrx_word' id='word_1_49' title='bbox 1246 582 1463 619; x_wconf 84' lang='lat' dir='ltr'><strong>magnum.</strong></span> <span class='ocrx_word' id='word_1_50' title='bbox 1517 565 1662 622; x_wconf 84' lang='lat' dir='ltr'>Opor-</span> 
     </span>
     <span class='ocr_line' id='line_1_7' title="bbox 232 642 1664 700; baseline 0 -16"><span class='ocrx_word' id='word_1_51' title='bbox 232 653 293 684; x_wconf 81' lang='lat' dir='ltr'><strong>tet</strong></span> <span class='ocrx_word' id='word_1_52' title='bbox 321 642 435 684; x_wconf 85' lang='lat' dir='ltr'><strong>enim</strong></span> <span class='ocrx_word' id='word_1_53' title='bbox 465 642 572 684; x_wconf 78' lang='lat' dir='ltr'><strong>scire</strong></span> <span class='ocrx_word' id='word_1_54' title='bbox 602 659 714 692; x_wconf 91' lang='lat' dir='ltr'><strong>eum,</strong></span> <span class='ocrx_word' id='word_1_55' title='bbox 747 643 819 699; x_wconf 87' lang='lat' dir='ltr'><strong>qui</strong></span> <span class='ocrx_word' id='word_1_56' title='bbox 840 644 927 683; x_wconf 81' lang='lat' dir='ltr'><strong>vult</strong></span> <span class='ocrx_word' id='word_1_57' title='bbox 950 644 1110 685; x_wconf 79' lang='lat' dir='ltr'><strong>offerre</strong></span> <span class='ocrx_word' id='word_1_58' title='bbox 1125 645 1379 686; x_wconf 79' lang='lat' dir='ltr'>sacrificium</span> <span class='ocrx_word' id='word_1_59' title='bbox 1402 644 1512 693; x_wconf 87' lang='lat' dir='ltr'><strong>Deo,</strong></span> <span class='ocrx_word' id='word_1_60' title='bbox 1543 645 1664 700; x_wconf 85' lang='lat' dir='ltr'>quod</span> 
     </span>
     <span class='ocr_line' id='line_1_8' title="bbox 232 718 1662 777; baseline -0.001 -15"><span class='ocrx_word' id='word_1_61' title='bbox 232 737 312 777; x_wconf 83' lang='lat' dir='ltr'><strong>per</strong></span> <span class='ocrx_word' id='word_1_62' title='bbox 341 737 492 762; x_wconf 82' lang='lat' dir='ltr'><strong>manus</strong></span> <span class='ocrx_word' id='word_1_63' title='bbox 522 719 741 762; x_wconf 77' lang='lat' dir='ltr'>Pontificis</span> <span class='ocrx_word' id='word_1_64' title='bbox 771 721 897 762; x_wconf 84' lang='lat' dir='ltr'><strong>debet</strong></span> <span class='ocrx_word' id='word_1_65' title='bbox 913 718 959 776; x_wconf 74' lang='lat'><strong>⁴)</strong></span> <span class='ocrx_word' id='word_1_66' title='bbox 991 723 1160 763; x_wconf 78' lang='lat' dir='ltr'><strong>offerre.</strong></span> <span class='ocrx_word' id='word_1_67' title='bbox 1218 722 1304 764; x_wconf 85' lang='lat' dir='ltr'><strong>Sed</strong></span> <span class='ocrx_word' id='word_1_68' title='bbox 1336 734 1375 763; x_wconf 85' lang='lat' dir='ltr'><strong>et</strong></span> <span class='ocrx_word' id='word_1_69' title='bbox 1405 722 1513 770; x_wconf 88' lang='lat' dir='ltr'>hoc,</span> <span class='ocrx_word' id='word_1_70' title='bbox 1542 721 1662 776; x_wconf 82' lang='lat' dir='ltr'>quod</span> 
     </span>
     <span class='ocr_line' id='line_1_9' title="bbox 234 796 1662 855; baseline -0.001 -16"><span class='ocrx_word' id='word_1_71' title='bbox 234 797 357 839; x_wconf 85' lang='lat' dir='ltr'>dixit:</span> <span class='ocrx_word' id='word_1_72' title='bbox 387 796 574 852; x_wconf 81' lang='lat' dir='ltr'><strong>„Deo⁵)</strong></span> <span class='ocrx_word' id='word_1_73' title='bbox 604 802 760 838; x_wconf 84' lang='lat' dir='ltr'><strong>meo:“</strong></span> <span class='ocrx_word' id='word_1_74' title='bbox 801 813 893 838; x_wconf 88' lang='lat' dir='ltr'><strong>non</strong></span> <span class='ocrx_word' id='word_1_75' title='bbox 923 809 981 839; x_wconf 83' lang='lat' dir='ltr'><strong>est</strong></span> <span class='ocrx_word' id='word_1_76' title='bbox 1020 799 1156 840; x_wconf 57' lang='lat' dir='ltr'><strong>otioee</strong></span> <span class='ocrx_word' id='word_1_77' title='bbox 1192 797 1503 855; x_wconf 79' lang='lat' dir='ltr'><strong>accipiendum.</strong></span> <span class='ocrx_word' id='word_1_78' title='bbox 1560 798 1662 838; x_wconf 89' lang='lat' dir='ltr'><strong>Non</strong></span> 
     </span>
     <span class='ocr_line' id='line_1_10' title="bbox 234 874 1662 932; baseline -0.001 -15"><span class='ocrx_word' id='word_1_79' title='bbox 234 874 348 917; x_wconf 74' lang='lat' dir='ltr'><strong>enim</strong></span> <span class='ocrx_word' id='word_1_80' title='bbox 379 891 459 916; x_wconf 84' lang='lat' dir='ltr'><strong>vox</strong></span> <span class='ocrx_word' id='word_1_81' title='bbox 497 874 573 916; x_wconf 82' lang='lat' dir='ltr'><strong>ista</strong></span> <span class='ocrx_word' id='word_1_82' title='bbox 602 886 744 929; x_wconf 71' lang='lat' dir='ltr'><strong>potest</strong></span> <span class='ocrx_word' id='word_1_83' title='bbox 782 891 866 916; x_wconf 86' lang='lat' dir='ltr'><strong>esse</strong></span> <span class='ocrx_word' id='word_1_84' title='bbox 895 875 976 916; x_wconf 75' lang='lat' dir='ltr'>nisi</span> <span class='ocrx_word' id='word_1_85' title='bbox 1013 888 1282 926; x_wconf 77' lang='lat' dir='ltr'><strong>sanctorum,</strong></span> <span class='ocrx_word' id='word_1_86' title='bbox 1325 892 1512 932; x_wconf 81' lang='lat' dir='ltr'>quorum</span> <span class='ocrx_word' id='word_1_87' title='bbox 1542 875 1662 916; x_wconf 79' lang='lat' dir='ltr'><strong>Deus</strong></span> 
     </span>
     <span class='ocr_line' id='line_1_11' title="bbox 234 950 1660 1007; baseline -0.001 -13"><span class='ocrx_word' id='word_1_88' title='bbox 234 952 404 1002; x_wconf 81' lang='lat' dir='ltr'>dicitur,</span> <span class='ocrx_word' id='word_1_89' title='bbox 429 950 596 1007; x_wconf 76' lang='lat' dir='ltr'><strong>sicut⁶)</strong></span> <span class='ocrx_word' id='word_1_90' title='bbox 630 951 749 994; x_wconf 87' lang='lat' dir='ltr'><strong>Deus</strong></span> <span class='ocrx_word' id='word_1_91' title='bbox 772 952 1004 1003; x_wconf 79' lang='lat' dir='ltr'>Abraham,</span> <span class='ocrx_word' id='word_1_92' title='bbox 1035 953 1099 994; x_wconf 85' lang='lat' dir='ltr'><strong>vel</strong></span> <span class='ocrx_word' id='word_1_93' title='bbox 1121 953 1249 1003; x_wconf 81' lang='lat' dir='ltr'>Isaac,</span> <span class='ocrx_word' id='word_1_94' title='bbox 1278 953 1344 995; x_wconf 90' lang='lat' dir='ltr'><strong>vel</strong></span> <span class='ocrx_word' id='word_1_95' title='bbox 1364 953 1516 993; x_wconf 78' lang='lat' dir='ltr'><strong>Jacob.</strong></span> <span class='ocrx_word' id='word_1_96' title='bbox 1558 953 1660 992; x_wconf 87' lang='lat' dir='ltr'><strong>Non</strong></span> 
     </span>
     <span class='ocr_line' id='line_1_12' title="bbox 231 1028 1660 1086; baseline -0.001 -15"><span class='ocrx_word' id='word_1_97' title='bbox 231 1040 374 1086; x_wconf 85' lang='lat' dir='ltr'><strong>potest</strong></span> <span class='ocrx_word' id='word_1_98' title='bbox 398 1028 640 1070; x_wconf 79' lang='lat' dir='ltr'>Dominum</span> <span class='ocrx_word' id='word_1_99' title='bbox 671 1029 817 1071; x_wconf 86' lang='lat' dir='ltr'><strong>Deum</strong></span> <span class='ocrx_word' id='word_1_100' title='bbox 854 1048 978 1072; x_wconf 88' lang='lat' dir='ltr'><strong>suum</strong></span> <span class='ocrx_word' id='word_1_101' title='bbox 1012 1030 1153 1072; x_wconf 79' lang='lat' dir='ltr'><strong>dicere</strong></span> <span class='ocrx_word' id='word_1_102' title='bbox 1187 1031 1242 1081; x_wconf 85' lang='lat' dir='ltr'><strong>is,</strong></span> <span class='ocrx_word' id='word_1_103' title='bbox 1286 1029 1412 1086; x_wconf 82' lang='lat' dir='ltr'><strong>cui7)</strong></span> <span class='ocrx_word' id='word_1_104' title='bbox 1453 1028 1660 1081; x_wconf 65' lang='lat' dir='ltr'><strong>venterss)</strong></span> 
     </span>
     <span class='ocr_line' id='line_1_13' title="bbox 230 1105 1661 1160; baseline -0.001 -13"><span class='ocrx_word' id='word_1_105' title='bbox 230 1106 352 1148; x_wconf 90' lang='lat' dir='ltr'><strong>Deus</strong></span> <span class='ocrx_word' id='word_1_106' title='bbox 382 1117 451 1156; x_wconf 84' lang='lat' dir='ltr'><strong>est,</strong></span> <span class='ocrx_word' id='word_1_107' title='bbox 483 1117 555 1147; x_wconf 83' lang='lat' dir='ltr'><strong>aut</strong></span> <span class='ocrx_word' id='word_1_108' title='bbox 588 1107 655 1148; x_wconf 85' lang='lat' dir='ltr'><strong>cui</strong></span> <span class='ocrx_word' id='word_1_109' title='bbox 686 1106 855 1148; x_wconf 78' lang='lat' dir='ltr'>avaritia</span> <span class='ocrx_word' id='word_1_110' title='bbox 886 1108 1005 1151; x_wconf 89' lang='lat' dir='ltr'><strong>Deus</strong></span> <span class='ocrx_word' id='word_1_111' title='bbox 1037 1120 1106 1158; x_wconf 84' lang='lat' dir='ltr'><strong>est,</strong></span> <span class='ocrx_word' id='word_1_112' title='bbox 1137 1121 1208 1150; x_wconf 83' lang='lat' dir='ltr'><strong>aut</strong></span> <span class='ocrx_word' id='word_1_113' title='bbox 1240 1109 1307 1150; x_wconf 87' lang='lat' dir='ltr'><strong>eui</strong></span> <span class='ocrx_word' id='word_1_114' title='bbox 1339 1107 1472 1160; x_wconf 83' lang='lat' dir='ltr'>gloria</span> <span class='ocrx_word' id='word_1_115' title='bbox 1501 1105 1661 1148; x_wconf 81' lang='lat' dir='ltr'><strong>saeculi</strong></span> 
     </span>
     <span class='ocr_line' id='line_1_14' title="bbox 230 1183 1663 1242; baseline -0.001 -16"><span class='ocrx_word' id='word_1_116' title='bbox 230 1195 271 1226; x_wconf 86' lang='lat' dir='ltr'><strong>et</strong></span> <span class='ocrx_word' id='word_1_117' title='bbox 299 1200 463 1240; x_wconf 85' lang='lat' dir='ltr'>pompa</span> <span class='ocrx_word' id='word_1_118' title='bbox 494 1183 659 1234; x_wconf 85' lang='lat' dir='ltr'>mundi,</span> <span class='ocrx_word' id='word_1_119' title='bbox 691 1195 764 1226; x_wconf 80' lang='lat' dir='ltr'><strong>aut</strong></span> <span class='ocrx_word' id='word_1_120' title='bbox 792 1185 983 1242; x_wconf 77' lang='lat' dir='ltr'><strong>potentia</strong></span> <span class='ocrx_word' id='word_1_121' title='bbox 1005 1203 1149 1227; x_wconf 88' lang='lat' dir='ltr'><strong>rerum</strong></span> <span class='ocrx_word' id='word_1_122' title='bbox 1173 1187 1433 1228; x_wconf 84' lang='lat' dir='ltr'>caducarum</span> <span class='ocrx_word' id='word_1_123' title='bbox 1452 1185 1572 1225; x_wconf 87' lang='lat' dir='ltr'><strong>Deus</strong></span> <span class='ocrx_word' id='word_1_124' title='bbox 1592 1195 1663 1225; x_wconf 77' lang='lat' dir='ltr'><strong>est.</strong></span> 
     </span>
     <span class='ocr_line' id='line_1_15' title="bbox 230 1259 1661 1319; baseline 0 -17"><span class='ocrx_word' id='word_1_125' title='bbox 230 1259 460 1316; x_wconf 80' lang='lat' dir='ltr'><strong>Quidquid</strong></span> <span class='ocrx_word' id='word_1_126' title='bbox 492 1260 607 1301; x_wconf 65' lang='lat' dir='ltr'><strong>enIm</strong></span> <span class='ocrx_word' id='word_1_127' title='bbox 642 1263 934 1319; x_wconf 78' lang='lat' dir='ltr'><strong>unusquisque</strong></span> <span class='ocrx_word' id='word_1_128' title='bbox 962 1280 1090 1319; x_wconf 76' lang='lat' dir='ltr'><strong>supra</strong></span> <span class='ocrx_word' id='word_1_129' title='bbox 1124 1276 1285 1305; x_wconf 80' lang='lat' dir='ltr'><strong>caetera</strong></span> <span class='ocrx_word' id='word_1_130' title='bbox 1317 1263 1441 1312; x_wconf 83' lang='lat' dir='ltr'>colit,</span> <span class='ocrx_word' id='word_1_131' title='bbox 1482 1262 1566 1303; x_wconf 88' lang='lat' dir='ltr'><strong>hoc</strong></span> <span class='ocrx_word' id='word_1_132' title='bbox 1597 1261 1661 1302; x_wconf 82' lang='lat' dir='ltr'>illi</span> 
     </span>
     <span class='ocr_line' id='line_1_16' title="bbox 227 1338 1659 1397; baseline 0.001 -18"><span class='ocrx_word' id='word_1_133' title='bbox 227 1338 347 1380; x_wconf 80' lang='lat' dir='ltr'><strong>Deus</strong></span> <span class='ocrx_word' id='word_1_134' title='bbox 387 1349 458 1379; x_wconf 89' lang='lat' dir='ltr'><strong>est.</strong></span> <span class='ocrx_word' id='word_1_135' title='bbox 527 1338 614 1380; x_wconf 89' lang='lat' dir='ltr'><strong>Sed</strong></span> <span class='ocrx_word' id='word_1_136' title='bbox 653 1339 872 1382; x_wconf 82' lang='lat' dir='ltr'><strong>videamus</strong></span> <span class='ocrx_word' id='word_1_137' title='bbox 909 1341 1014 1397; x_wconf 87' lang='lat' dir='ltr'>quid</span> <span class='ocrx_word' id='word_1_138' title='bbox 1054 1353 1131 1390; x_wconf 84' lang='lat' dir='ltr'><strong>est,</strong></span> <span class='ocrx_word' id='word_1_139' title='bbox 1171 1358 1253 1397; x_wconf 85' lang='lat' dir='ltr'><strong>pro</strong></span> <span class='ocrx_word' id='word_1_140' title='bbox 1299 1357 1386 1396; x_wconf 89' lang='lat' dir='ltr'><strong>quo</strong></span> <span class='ocrx_word' id='word_1_141' title='bbox 1426 1340 1659 1395; x_wconf 84' lang='lat' dir='ltr'>Apostolus</span> 
     </span>
     <span class='ocr_line' id='line_1_17' title="bbox 226 1414 1659 1473; baseline 0 -16"><span class='ocrx_word' id='word_1_142' title='bbox 226 1415 377 1469; x_wconf 76' lang='lat' dir='ltr'>gratias</span> <span class='ocrx_word' id='word_1_143' title='bbox 408 1414 492 1467; x_wconf 82' lang='lat' dir='ltr'>agit</span> <span class='ocrx_word' id='word_1_144' title='bbox 521 1415 620 1457; x_wconf 79' lang='lat' dir='ltr'><strong>Deo</strong></span> <span class='ocrx_word' id='word_1_145' title='bbox 658 1433 751 1458; x_wconf 87' lang='lat' dir='ltr'><strong>suo.</strong></span> <span class='ocrx_word' id='word_1_146' title='bbox 818 1416 1144 1473; x_wconf 73' lang='lat' dir='ltr'><strong>„Quoniam‚⁹)</strong></span> <span class='ocrx_word' id='word_1_147' title='bbox 1181 1418 1340 1473; x_wconf 86' lang='lat' dir='ltr'><strong>inquit,</strong></span> <span class='ocrx_word' id='word_1_148' title='bbox 1382 1418 1487 1458; x_wconf 88' lang='lat' dir='ltr'><strong>fides</strong></span> <span class='ocrx_word' id='word_1_149' title='bbox 1525 1427 1659 1457; x_wconf 83' lang='lat' dir='ltr'><strong>vestra</strong></span> 
     </span>
     <span class='ocr_line' id='line_1_18' title="bbox 226 1491 1659 1551; baseline -0.001 -16"><span class='ocrx_word' id='word_1_150' title='bbox 226 1491 506 1535; x_wconf 80' lang='lat' dir='ltr'><strong>annuntiatur</strong></span> <span class='ocrx_word' id='word_1_151' title='bbox 533 1493 578 1534; x_wconf 86' lang='lat' dir='ltr'><strong>in</strong></span> <span class='ocrx_word' id='word_1_152' title='bbox 607 1493 807 1536; x_wconf 85' lang='lat' dir='ltr'><strong>universo</strong></span> <span class='ocrx_word' id='word_1_153' title='bbox 837 1493 1046 1537; x_wconf 87' lang='lat' dir='ltr'>mundo.“</span> <span class='ocrx_word' id='word_1_154' title='bbox 1104 1495 1180 1546; x_wconf 89' lang='lat' dir='ltr'><strong>„ln</strong></span> <span class='ocrx_word' id='word_1_155' title='bbox 1199 1495 1270 1551; x_wconf 85' lang='lat'><strong>¹⁰)</strong></span> <span class='ocrx_word' id='word_1_156' title='bbox 1300 1494 1498 1536; x_wconf 81' lang='lat' dir='ltr'><strong>universo</strong></span> <span class='ocrx_word' id='word_1_157' title='bbox 1530 1510 1659 1535; x_wconf 89' lang='lat' dir='ltr'>mun-</span> 
     </span>
     <span class='ocr_line' id='line_1_19' title="bbox 226 1570 1657 1628; baseline 0 -16"><span class='ocrx_word' id='word_1_158' title='bbox 226 1571 311 1612; x_wconf 90' lang='lat' dir='ltr'><strong>do“</strong></span> <span class='ocrx_word' id='word_1_159' title='bbox 349 1570 384 1613; x_wconf 81' lang='lat' dir='ltr'><strong>si</strong></span> <span class='ocrx_word' id='word_1_160' title='bbox 420 1570 670 1626; x_wconf 76' lang='lat' dir='ltr'><strong>simpliciter</strong></span> <span class='ocrx_word' id='word_1_161' title='bbox 701 1571 982 1627; x_wconf 76' lang='lat' dir='ltr'>accipiamus,</span> <span class='ocrx_word' id='word_1_162' title='bbox 1019 1572 1103 1613; x_wconf 91' lang='lat' dir='ltr'><strong>hoc</strong></span> <span class='ocrx_word' id='word_1_163' title='bbox 1123 1573 1132 1597; x_wconf 90' lang='lat'>¹</span> <span class='ocrx_word' id='word_1_164' title='bbox 1152 1571 1194 1628; x_wconf 89' lang='lat'><strong>¹)</strong></span> <span class='ocrx_word' id='word_1_165' title='bbox 1229 1572 1396 1614; x_wconf 76' lang='lat' dir='ltr'>videtur</span> <span class='ocrx_word' id='word_1_166' title='bbox 1427 1571 1657 1624; x_wconf 77' lang='lat' dir='ltr'><strong>designare,</strong></span> 
     </span>
     <span class='ocr_line' id='line_1_20' title="bbox 224 1647 1655 1706; baseline 0.001 -17"><span class='ocrx_word' id='word_1_167' title='bbox 224 1647 439 1704; x_wconf 84' lang='lat' dir='ltr'><strong>quod¹²)</strong></span> <span class='ocrx_word' id='word_1_168' title='bbox 474 1647 521 1689; x_wconf 82' lang='lat' dir='ltr'><strong>in</strong></span> <span class='ocrx_word' id='word_1_169' title='bbox 561 1648 704 1690; x_wconf 77' lang='lat' dir='ltr'><strong>multis</strong></span> <span class='ocrx_word' id='word_1_170' title='bbox 742 1649 847 1691; x_wconf 78' lang='lat' dir='ltr'>locis</span> <span class='ocrx_word' id='word_1_171' title='bbox 885 1649 1057 1699; x_wconf 80' lang='lat' dir='ltr'>mundi,</span> <span class='ocrx_word' id='word_1_172' title='bbox 1097 1650 1182 1691; x_wconf 90' lang='lat' dir='ltr'><strong>hoc</strong></span> <span class='ocrx_word' id='word_1_173' title='bbox 1221 1660 1300 1698; x_wconf 87' lang='lat' dir='ltr'><strong>est,</strong></span> <span class='ocrx_word' id='word_1_174' title='bbox 1339 1660 1477 1691; x_wconf 80' lang='lat' dir='ltr'><strong>terrae</strong></span> <span class='ocrx_word' id='word_1_175' title='bbox 1517 1647 1655 1706; x_wconf 83' lang='lat' dir='ltr'><strong>hujus,</strong></span> 
     </span>
     <span class='ocr_line' id='line_1_21' title="bbox 223 1724 1654 1781; baseline 0.002 -16"><span class='ocrx_word' id='word_1_176' title='bbox 223 1740 398 1774; x_wconf 82' lang='lat' dir='ltr'><strong>eorum,</strong></span> <span class='ocrx_word' id='word_1_177' title='bbox 436 1724 510 1781; x_wconf 84' lang='lat' dir='ltr'><strong>qui</strong></span> <span class='ocrx_word' id='word_1_178' title='bbox 541 1725 709 1766; x_wconf 87' lang='lat' dir='ltr'><strong>Romae</strong></span> <span class='ocrx_word' id='word_1_179' title='bbox 737 1737 853 1775; x_wconf 82' lang='lat' dir='ltr'><strong>sunt,</strong></span> <span class='ocrx_word' id='word_1_180' title='bbox 892 1727 997 1767; x_wconf 83' lang='lat' dir='ltr'><strong>fides</strong></span> <span class='ocrx_word' id='word_1_181' title='bbox 1030 1738 1069 1767; x_wconf 89' lang='lat' dir='ltr'><strong>et</strong></span> <span class='ocrx_word' id='word_1_182' title='bbox 1099 1726 1246 1779; x_wconf 80' lang='lat' dir='ltr'><strong>religio</strong></span> <span class='ocrx_word' id='word_1_183' title='bbox 1276 1726 1559 1781; x_wconf 78' lang='lat' dir='ltr'><strong>praedicetur.</strong></span> <span class='ocrx_word' id='word_1_184' title='bbox 1582 1726 1654 1781; x_wconf 84' lang='lat'><strong>¹³)</strong></span> 
     </span>
    </p>
   </div>
   <div class='ocr_carea' id='block_1_3' title="bbox 223 1800 1654 1858">
    <p class='ocr_par' dir='ltr' id='par_1_3' title="bbox 223 1800 1654 1858">
     <span class='ocr_line' id='line_1_22' title="bbox 223 1800 1654 1858; baseline 0.001 -14"><span class='ocrx_word' id='word_1_185' title='bbox 223 1800 270 1844; x_wconf 85' lang='lat' dir='ltr'><strong>Si</strong></span> <span class='ocrx_word' id='word_1_186' title='bbox 289 1800 361 1858; x_wconf 73' lang='lat'><strong>¹⁴)</strong></span> <span class='ocrx_word' id='word_1_187' title='bbox 392 1818 518 1853; x_wconf 83' lang='lat' dir='ltr'><strong>vero,</strong></span> <span class='ocrx_word' id='word_1_188' title='bbox 556 1801 674 1843; x_wconf 82' lang='lat' dir='ltr'><strong>utin</strong></span> <span class='ocrx_word' id='word_1_189' title='bbox 701 1801 945 1853; x_wconf 81' lang='lat' dir='ltr'><strong>nonnullis,</strong></span> <span class='ocrx_word' id='word_1_190' title='bbox 988 1801 1114 1844; x_wconf 77' lang='lat' dir='ltr'><strong>etiam</strong></span> <span class='ocrx_word' id='word_1_191' title='bbox 1144 1803 1189 1844; x_wconf 90' lang='lat' dir='ltr'><strong>in</strong></span> <span class='ocrx_word' id='word_1_192' title='bbox 1219 1803 1304 1845; x_wconf 87' lang='lat' dir='ltr'><strong>hoc</strong></span> <span class='ocrx_word' id='word_1_193' title='bbox 1334 1804 1434 1845; x_wconf 91' lang='lat' dir='ltr'>loco</span> <span class='ocrx_word' id='word_1_194' title='bbox 1466 1805 1654 1846; x_wconf 85' lang='lat' dir='ltr'>mundus</span> 
     </span>
    </p>
   </div>
   <div class='ocr_carea' id='block_1_4' title="bbox 347 1947 1648 2007">
    <p class='ocr_par' dir='ltr' id='par_1_4' title="bbox 347 1947 1648 2007">
     <span class='ocr_line' id='line_1_23' title="bbox 347 1947 1648 2007; baseline 0.002 -18"><span class='ocrx_word' id='word_1_195' title='bbox 347 1947 391 2004; x_wconf 87' lang='lat'><strong>¹)</strong></span> <span class='ocrx_word' id='word_1_196' title='bbox 423 1948 494 1990; x_wconf 87' lang='lat' dir='ltr'><strong>Sic</strong></span> <span class='ocrx_word' id='word_1_197' title='bbox 524 1948 625 1990; x_wconf 85' lang='lat' dir='ltr'><strong>Mss.</strong></span> <span class='ocrx_word' id='word_1_198' title='bbox 660 1959 701 1989; x_wconf 85' lang='lat' dir='ltr'><strong>et</strong></span> <span class='ocrx_word' id='word_1_199' title='bbox 729 1947 944 1989; x_wconf 75' lang='lat' dir='ltr'><strong>Rabanus.</strong></span> <span class='ocrx_word' id='word_1_200' title='bbox 1014 1950 1068 1990; x_wconf 80' lang='lat' dir='ltr'><strong>At</strong></span> <span class='ocrx_word' id='word_1_201' title='bbox 1107 1949 1209 1991; x_wconf 75' lang='lat' dir='ltr'><strong>editi</strong></span> <span class='ocrx_word' id='word_1_202' title='bbox 1250 1949 1310 2007; x_wconf 86' lang='lat' dir='ltr'><strong>(e.</strong></span> <span class='ocrx_word' id='word_1_203' title='bbox 1345 1967 1379 1992; x_wconf 92' lang='lat' dir='ltr'><strong>c.</strong></span> <span class='ocrx_word' id='word_1_204' title='bbox 1412 1951 1508 1993; x_wconf 89' lang='lat' dir='ltr'><strong>edd.</strong></span> <span class='ocrx_word' id='word_1_205' title='bbox 1540 1950 1648 2006; x_wconf 88' lang='lat' dir='ltr'><strong>M.):</strong></span> 
     </span>
    </p>
   </div>
   <div class='ocr_carea' id='block_1_5' title="bbox 219 2004 929 2057">
    <p class='ocr_par' dir='ltr' id='par_1_5' title="bbox 219 2004 929 2057">
     <span class='ocr_line' id='line_1_24' title="bbox 219 2004 929 2057; baseline -0.006 -10"><span class='ocrx_word' id='word_1_206' title='bbox 219 2006 301 2056; x_wconf 85' lang='lat' dir='ltr'><strong>„ad</strong></span> <span class='ocrx_word' id='word_1_207' title='bbox 331 2004 563 2057; x_wconf 80' lang='lat' dir='ltr'><strong>gratiarum</strong></span> <span class='ocrx_word' id='word_1_208' title='bbox 595 2004 848 2047; x_wconf 75' lang='lat' dir='ltr'><strong>actionem“</strong></span> <span class='ocrx_word' id='word_1_209' title='bbox 878 2004 929 2045; x_wconf 83' lang='lat' dir='ltr'><strong>R.</strong></span> 
     </span>
    </p>
   </div>
   <div class='ocr_carea' id='block_1_6' title="bbox 331 2073 1413 2410">
    <p class='ocr_par' dir='ltr' id='par_1_6' title="bbox 334 2073 1413 2201">
     <span class='ocr_line' id='line_1_25' title="bbox 334 2073 1413 2132; baseline 0.004 -17"><span class='ocrx_word' id='word_1_210' title='bbox 334 2074 382 2131; x_wconf 86' lang='lat'><strong>²)</strong></span> <span class='ocrx_word' id='word_1_211' title='bbox 413 2074 526 2116; x_wconf 85' lang='lat' dir='ltr'><strong>Edd.</strong></span> <span class='ocrx_word' id='word_1_212' title='bbox 557 2073 752 2116; x_wconf 61' lang='lat' dir='ltr'><strong>WIenlini:</strong></span> <span class='ocrx_word' id='word_1_213' title='bbox 787 2073 963 2115; x_wconf 80' lang='lat' dir='ltr'>addidit.</span> <span class='ocrx_word' id='word_1_214' title='bbox 1083 2075 1129 2132; x_wconf 83' lang='lat'><strong>³)</strong></span> <span class='ocrx_word' id='word_1_215' title='bbox 1160 2075 1286 2120; x_wconf 88' lang='lat' dir='ltr'><strong>Rom.</strong></span> <span class='ocrx_word' id='word_1_216' title='bbox 1316 2076 1347 2128; x_wconf 88' lang='grc' dir='ltr'><strong>Ι,</strong></span> <span class='ocrx_word' id='word_1_217' title='bbox 1372 2077 1413 2121; x_wconf 85' lang='grc'><strong>8.</strong></span> 
     </span>
     <span class='ocr_line' id='line_1_26' title="bbox 336 2144 1211 2201; baseline 0 -14"><span class='ocrx_word' id='word_1_218' title='bbox 336 2144 382 2201; x_wconf 77' lang='lat'><strong>⁴)</strong></span> <span class='ocrx_word' id='word_1_219' title='bbox 414 2145 545 2187; x_wconf 81' lang='lat' dir='ltr'><strong>Hebr.</strong></span> <span class='ocrx_word' id='word_1_220' title='bbox 575 2146 688 2196; x_wconf 83' lang='lat' dir='ltr'><strong>VIII,</strong></span> <span class='ocrx_word' id='word_1_221' title='bbox 714 2147 755 2189; x_wconf 85' lang='lat'><strong>3.</strong></span> <span class='ocrx_word' id='word_1_222' title='bbox 877 2145 922 2201; x_wconf 80' lang='lat'><strong>⁵)</strong></span> <span class='ocrx_word' id='word_1_223' title='bbox 952 2144 1076 2187; x_wconf 87' lang='lat' dir='ltr'><strong>Rom.</strong></span> <span class='ocrx_word' id='word_1_224' title='bbox 1109 2147 1141 2196; x_wconf 87' lang='lat' dir='ltr'><strong>l,</strong></span> <span class='ocrx_word' id='word_1_225' title='bbox 1173 2148 1211 2191; x_wconf 88' lang='grc'><strong>8.</strong></span> 
     </span>
    </p>

    <p class='ocr_par' dir='ltr' id='par_1_7' title="bbox 334 2214 1257 2273">
     <span class='ocr_line' id='line_1_27' title="bbox 334 2214 1257 2273; baseline 0 -17"><span class='ocrx_word' id='word_1_226' title='bbox 334 2215 382 2269; x_wconf 84' lang='lat'><strong>⁶)</strong></span> <span class='ocrx_word' id='word_1_227' title='bbox 411 2215 549 2258; x_wconf 84' lang='lat' dir='ltr'>Exod.</span> <span class='ocrx_word' id='word_1_228' title='bbox 579 2215 653 2266; x_wconf 85' lang='lat' dir='ltr'><strong>III,</strong></span> <span class='ocrx_word' id='word_1_229' title='bbox 683 2215 723 2259; x_wconf 84' lang='grc'><strong>6.</strong></span> <span class='ocrx_word' id='word_1_230' title='bbox 788 2217 831 2271; x_wconf 91' lang='lat'><strong>⁷)</strong></span> <span class='ocrx_word' id='word_1_231' title='bbox 863 2214 1050 2273; x_wconf 81' lang='lat' dir='ltr'><strong>Philipp.</strong></span> <span class='ocrx_word' id='word_1_232' title='bbox 1085 2216 1159 2268; x_wconf 90' lang='lat' dir='ltr'><strong>III,</strong></span> <span class='ocrx_word' id='word_1_233' title='bbox 1191 2219 1257 2263; x_wconf 86' lang='lat'><strong>19.</strong></span> 
     </span>
    </p>

    <p class='ocr_par' dir='ltr' id='par_1_8' title="bbox 332 2285 1265 2339">
     <span class='ocr_line' id='line_1_28' title="bbox 332 2285 1265 2339; baseline 0.002 -11"><span class='ocrx_word' id='word_1_234' title='bbox 332 2285 380 2339; x_wconf 85' lang='grc'><strong>8)</strong></span> <span class='ocrx_word' id='word_1_235' title='bbox 411 2286 524 2328; x_wconf 88' lang='lat' dir='ltr'><strong>Edd.</strong></span> <span class='ocrx_word' id='word_1_236' title='bbox 555 2285 751 2330; x_wconf 79' lang='lat' dir='ltr'><strong>Merlini:</strong></span> <span class='ocrx_word' id='word_1_237' title='bbox 785 2286 853 2328; x_wconf 83' lang='lat' dir='ltr'><strong>cui</strong></span> <span class='ocrx_word' id='word_1_238' title='bbox 885 2289 987 2329; x_wconf 77' lang='lat' dir='ltr'><strong>deus</strong></span> <span class='ocrx_word' id='word_1_239' title='bbox 1018 2299 1163 2330; x_wconf 80' lang='lat' dir='ltr'><strong>venter</strong></span> <span class='ocrx_word' id='word_1_240' title='bbox 1194 2299 1265 2332; x_wconf 80' lang='lat' dir='ltr'><strong>est.</strong></span> 
     </span>
    </p>

    <p class='ocr_par' dir='ltr' id='par_1_9' title="bbox 331 2354 669 2410">
     <span class='ocr_line' id='line_1_29' title="bbox 331 2354 669 2410; baseline 0.003 -15"><span class='ocrx_word' id='word_1_241' title='bbox 331 2354 378 2410; x_wconf 88' lang='lat'><strong>⁹)</strong></span> <span class='ocrx_word' id='word_1_242' title='bbox 410 2355 538 2397; x_wconf 83' lang='lat' dir='ltr'><strong>Rom.</strong></span> <span class='ocrx_word' id='word_1_243' title='bbox 570 2357 602 2406; x_wconf 92' lang='grc' dir='ltr'><strong>Ι,</strong></span> <span class='ocrx_word' id='word_1_244' title='bbox 631 2358 669 2400; x_wconf 86' lang='grc'><strong>8.</strong></span> 
     </span>
    </p>
   </div>
   <div class='ocr_carea' id='block_1_7' title="bbox 211 2424 1645 2542">
    <p class='ocr_par' dir='ltr' id='par_1_10' title="bbox 211 2424 1645 2542">
     <span class='ocr_line' id='line_1_30' title="bbox 305 2424 1644 2493; baseline 0.003 -27"><span class='ocrx_word' id='word_1_245' title='bbox 305 2424 376 2482; x_wconf 88' lang='lat'><strong>¹⁰)</strong></span> <span class='ocrx_word' id='word_1_246' title='bbox 408 2425 489 2467; x_wconf 90' lang='lat' dir='ltr'><strong>Ed.</strong></span> <span class='ocrx_word' id='word_1_247' title='bbox 520 2426 579 2466; x_wconf 89' lang='grc' dir='ltr'><strong>Μ.</strong></span> <span class='ocrx_word' id='word_1_248' title='bbox 612 2426 652 2467; x_wconf 90' lang='lat' dir='ltr'><strong>I:</strong></span> <span class='ocrx_word' id='word_1_249' title='bbox 694 2426 770 2476; x_wconf 85' lang='lat' dir='ltr'><strong>„In</strong></span> <span class='ocrx_word' id='word_1_250' title='bbox 808 2428 1006 2470; x_wconf 72' lang='grc' dir='ltr'><strong>ιιῃίνειεο</strong></span> <span class='ocrx_word' id='word_1_251' title='bbox 1039 2430 1206 2470; x_wconf 88' lang='lat' dir='ltr'>mundo</span> <span class='ocrx_word' id='word_1_252' title='bbox 1244 2428 1494 2493; x_wconf 70' lang='lat' dir='ltr'><strong>simplititer</strong></span> <span class='ocrx_word' id='word_1_253' title='bbox 1534 2430 1644 2471; x_wconf 77' lang='lat' dir='ltr'>acci-</span> 
     </span>
     <span class='ocr_line' id='line_1_31' title="bbox 211 2480 1645 2542; baseline 0.004 -21"><span class='ocrx_word' id='word_1_254' title='bbox 211 2480 435 2537; x_wconf 76' lang='lat' dir='ltr'><strong>piamus‚“</strong></span> <span class='ocrx_word' id='word_1_255' title='bbox 478 2483 542 2523; x_wconf 88' lang='lat' dir='ltr'><strong>ed.</strong></span> <span class='ocrx_word' id='word_1_256' title='bbox 572 2481 633 2523; x_wconf 82' lang='lat' dir='ltr'><strong>M.</strong></span> <span class='ocrx_word' id='word_1_257' title='bbox 664 2482 724 2524; x_wconf 85' lang='lat' dir='ltr'><strong>II:</strong></span> <span class='ocrx_word' id='word_1_258' title='bbox 765 2484 839 2533; x_wconf 84' lang='lat' dir='ltr'><strong>„Si</strong></span> <span class='ocrx_word' id='word_1_259' title='bbox 877 2485 921 2524; x_wconf 82' lang='lat' dir='ltr'><strong>in</strong></span> <span class='ocrx_word' id='word_1_260' title='bbox 953 2484 1150 2526; x_wconf 83' lang='lat' dir='ltr'><strong>universo</strong></span> <span class='ocrx_word' id='word_1_261' title='bbox 1192 2487 1358 2527; x_wconf 87' lang='lat' dir='ltr'>mundo</span> <span class='ocrx_word' id='word_1_262' title='bbox 1397 2485 1645 2542; x_wconf 79' lang='lat' dir='ltr'><strong>simpliciter</strong></span> 
     </span>
    </p>
   </div>
   <div class='ocr_carea' id='block_1_8' title="bbox 211 2538 1582 2805">
    <p class='ocr_par' dir='ltr' id='par_1_11' title="bbox 211 2538 1582 2805">
     <span class='ocr_line' id='line_1_32' title="bbox 211 2538 508 2581; baseline 0 -1"><span class='ocrx_word' id='word_1_263' title='bbox 211 2538 300 2580; x_wconf 83' lang='lat' dir='ltr'>acci</span> <span class='ocrx_word' id='word_1_264' title='bbox 336 2544 508 2581; x_wconf 72' lang='lat' dir='ltr'><strong>namus.“</strong></span> 
     </span>
     <span class='ocr_line' id='line_1_33' title="bbox 303 2555 1582 2666; baseline 0.003 -18"><span class='ocrx_word' id='word_1_265' title='bbox 303 2555 376 2663; x_wconf 49' lang='lat' dir='ltr'><strong>I³¹)</strong></span> <span class='ocrx_word' id='word_1_266' title='bbox 406 2607 512 2649; x_wconf 81' lang='lat' dir='ltr'><strong>Msc.</strong></span> <span class='ocrx_word' id='word_1_267' title='bbox 544 2608 643 2660; x_wconf 81' lang='lat' dir='ltr'><strong>Reg.</strong></span> <span class='ocrx_word' id='word_1_268' title='bbox 675 2626 792 2651; x_wconf 88' lang='lat' dir='ltr'><strong>num.</strong></span> <span class='ocrx_word' id='word_1_269' title='bbox 823 2609 948 2653; x_wconf 85' lang='grc'><strong>1639.</strong></span> <span class='ocrx_word' id='word_1_270' title='bbox 981 2611 1093 2660; x_wconf 81' lang='lat' dir='ltr'>„hoc</span> <span class='ocrx_word' id='word_1_271' title='bbox 1124 2612 1211 2666; x_wconf 68' lang='lat' dir='ltr'>vult</span> <span class='ocrx_word' id='word_1_272' title='bbox 1243 2611 1503 2663; x_wconf 75' lang='lat' dir='ltr'><strong>designare.“</strong></span> <span class='ocrx_word' id='word_1_273' title='bbox 1535 2612 1582 2652; x_wconf 86' lang='lat' dir='ltr'><strong>R.</strong></span> 
     </span>
     <span class='ocr_line' id='line_1_34' title="bbox 302 2678 1464 2735; baseline 0.003 -17"><span class='ocrx_word' id='word_1_274' title='bbox 302 2678 376 2734; x_wconf 85' lang='lat'><strong>¹²)</strong></span> <span class='ocrx_word' id='word_1_275' title='bbox 405 2678 518 2720; x_wconf 87' lang='lat' dir='ltr'><strong>Edd.</strong></span> <span class='ocrx_word' id='word_1_276' title='bbox 550 2678 746 2720; x_wconf 82' lang='lat' dir='ltr'><strong>Merlini:</strong></span> <span class='ocrx_word' id='word_1_277' title='bbox 776 2682 894 2735; x_wconf 89' lang='lat' dir='ltr'>quod</span> <span class='ocrx_word' id='word_1_278' title='bbox 928 2681 1105 2723; x_wconf 85' lang='lat' dir='ltr'>dicimus</span> <span class='ocrx_word' id='word_1_279' title='bbox 1138 2682 1181 2723; x_wconf 89' lang='lat' dir='ltr'><strong>in</strong></span> <span class='ocrx_word' id='word_1_280' title='bbox 1213 2681 1356 2724; x_wconf 86' lang='lat' dir='ltr'>multis</span> <span class='ocrx_word' id='word_1_281' title='bbox 1388 2694 1464 2723; x_wconf 78' lang='lat' dir='ltr'><strong>etc.</strong></span> 
     </span>
     <span class='ocr_line' id='line_1_35' title="bbox 300 2748 978 2805; baseline 0.009 -17"><span class='ocrx_word' id='word_1_282' title='bbox 300 2748 371 2802; x_wconf 78' lang='lat'><strong>¹³)</strong></span> <span class='ocrx_word' id='word_1_283' title='bbox 401 2748 480 2791; x_wconf 90' lang='lat' dir='ltr'><strong>Ed.</strong></span> <span class='ocrx_word' id='word_1_284' title='bbox 511 2748 572 2789; x_wconf 89' lang='grc' dir='ltr'><strong>Μ.</strong></span> <span class='ocrx_word' id='word_1_285' title='bbox 604 2749 663 2790; x_wconf 86' lang='lat' dir='ltr'><strong>II:</strong></span> <span class='ocrx_word' id='word_1_286' title='bbox 695 2750 978 2805; x_wconf 74' lang='lat' dir='ltr'><strong>praedicatur.</strong></span> 
     </span>
    </p>
   </div>
   <div class='ocr_carea' id='block_1_9' title="bbox 204 2817 1637 2926">
    <p class='ocr_par' dir='ltr' id='par_1_12' title="bbox 204 2817 1637 2926">
     <span class='ocr_line' id='line_1_36' title="bbox 297 2817 1637 2875; baseline 0.005 -16"><span class='ocrx_word' id='word_1_287' title='bbox 297 2817 369 2874; x_wconf 72' lang='lat'><strong>¹⁴)</strong></span> <span class='ocrx_word' id='word_1_288' title='bbox 399 2819 510 2860; x_wconf 68' lang='lat' dir='ltr'><strong>Edd.</strong></span> <span class='ocrx_word' id='word_1_289' title='bbox 541 2818 738 2861; x_wconf 75' lang='lat' dir='ltr'><strong>MerlinI:</strong></span> <span class='ocrx_word' id='word_1_290' title='bbox 782 2819 827 2862; x_wconf 84' lang='lat' dir='ltr'><strong>Si</strong></span> <span class='ocrx_word' id='word_1_291' title='bbox 859 2836 958 2862; x_wconf 81' lang='lat' dir='ltr'><strong>vero</strong></span> <span class='ocrx_word' id='word_1_292' title='bbox 997 2820 1040 2863; x_wconf 86' lang='lat' dir='ltr'><strong>in</strong></span> <span class='ocrx_word' id='word_1_293' title='bbox 1074 2822 1157 2864; x_wconf 87' lang='lat' dir='ltr'><strong>hoc</strong></span> <span class='ocrx_word' id='word_1_294' title='bbox 1189 2823 1313 2875; x_wconf 83' lang='lat' dir='ltr'>loco,</span> <span class='ocrx_word' id='word_1_295' title='bbox 1353 2834 1398 2865; x_wconf 85' lang='lat' dir='ltr'><strong>ut</strong></span> <span class='ocrx_word' id='word_1_296' title='bbox 1430 2823 1554 2865; x_wconf 77' lang='lat' dir='ltr'>ctiam</span> <span class='ocrx_word' id='word_1_297' title='bbox 1591 2822 1637 2866; x_wconf 84' lang='lat' dir='ltr'><strong>1&#39;n</strong></span> 
     </span>
     <span class='ocr_line' id='line_1_37' title="bbox 204 2875 764 2926; baseline 0.002 -9"><span class='ocrx_word' id='word_1_298' title='bbox 204 2875 440 2926; x_wconf 84' lang='lat' dir='ltr'>nonnullis,</span> <span class='ocrx_word' id='word_1_299' title='bbox 467 2878 655 2918; x_wconf 86' lang='lat' dir='ltr'>mundus</span> <span class='ocrx_word' id='word_1_300' title='bbox 687 2888 764 2918; x_wconf 83' lang='lat' dir='ltr'><strong>etc.</strong></span> 
     </span>
    </p>
   </div>
   <div class='ocr_carea' id='block_1_10' title="bbox 1782 101 1788 733">
    <p class='ocr_par' dir='ltr' id='par_1_13' title="bbox 1782 101 1788 733">
     <span class='ocr_line' id='line_1_38' title="bbox 1782 101 1788 733; baseline 0 0"><span class='ocrx_word' id='word_1_301' title='bbox 1782 101 1788 733; x_wconf 95' lang='lat' dir='ltr'><strong> </strong></span> 
     </span>
    </p>
   </div>
  </div>
 </body>
</html>
