1788 3111
487 126 928 170 COMMENTARIORUM
960 126 1048 171 Lm.
1079 129 1129 170 V.
1435 130 1519 176 337

93 238 268 295 pecudis
298 238 469 290 scilicet,
499 239 563 280 vel
599 239 721 281 avis.“
781 239 868 281 Sed
897 255 988 280 non
1019 240 1200 295 respexit
1229 242 1283 283 ad
1313 243 1371 292 id,
1401 245 1518 298 quod

91 315 293 370 sequitur,
322 314 368 356 id
400 327 478 357 est:
519 315 678 369 „sed¹)
719 316 794 358 ubi
834 315 946 356 venit
982 318 1256 368 mandatum,
1294 331 1519 375 peccatum

93 390 281 432 revixit.“
335 392 437 433 Non
473 392 584 433 enim
617 391 719 432 dixit
747 408 790 433 se
820 392 980 435 venisse
1010 395 1064 434 ad
1092 396 1354 446 mandatum,
1382 398 1456 439 sed
1471 396 1518 451 ²)

93 469 148 509 ad
189 484 234 510 se
277 467 436 509 venisse
474 469 745 509 mandatum:
797 481 835 509 ct
874 480 1096 524 peccatum
1139 488 1229 512 non
1279 471 1380 513 dixit
1425 489 1518 514 non

92 544 218 586 fuisse
247 545 292 586 in
321 561 386 594 se,
427 545 502 586 sed
530 555 747 585 mortuum
789 546 937 595 fuisse,
983 557 1022 586 et
1069 546 1272 588 revixisse.
1340 548 1387 589 In
1429 565 1516 603 quo

92 621 238 676 utique
270 620 474 670 ostendit,
518 622 636 675 quod
669 621 721 661 de
753 638 836 662 una
871 624 1104 678 eademque
1135 624 1213 665 vita
1244 641 1318 665 sua
1349 635 1516 666 utrum-

92 713 174 753 que
206 700 466 754 loqueretur.
525 696 686 738 Verum
729 695 948 748 Basilides,
991 711 1028 740 et
1044 700 1087 754 3)
1126 699 1159 742 si
1190 699 1262 754 qui
1293 716 1390 741 cum
1421 700 1514 756 ipso

91 775 177 816 hoc
208 776 414 822 sentiunt,
454 773 497 814 in
528 790 602 815 sua
642 773 861 829 impietate
891 777 1197 832 relinquantur.
1256 777 1345 819 Nos
1375 789 1514 818 autem

90 851 288 907 Apostoli
317 866 484 891 sensum
514 852 750 892 secundum
793 851 991 907 pietatem
1030 852 1299 895 ecclesiastici
1338 855 1515 906 dogma-

88 928 138 970 tis
170 929 446 969 advertamus.
507 926 594 968 Sed
633 938 672 968 et
715 927 799 968 hoc
828 927 991 983 ipsum,
1031 930 1150 984 quod
1183 929 1304 971 dicit:
1337 946 1514 986 „pecca-

87 1002 238 1060 tum4)
270 1003 415 1058 erat5)
445 1004 491 1045 in
521 1003 606 1045 hoc
644 1004 810 1046 mundo
827 1009 864 1046 :“
903 1017 943 1046 et
981 1022 1073 1046 non
1115 1005 1236 1046 dixit:
1269 1006 1337 1055 „in
1370 1007 1514 1048 homi·

86 1081 210 1122 nibus
223 1085 260 1120 :“
290 1096 388 1121 cum
417 1082 565 1136 utique
592 1079 676 1122 sint
703 1081 749 1122 in
778 1083 945 1123 mundo
979 1093 1018 1123 et
1047 1084 1246 1138 pecudes,
1278 1094 1318 1124 et
1349 1094 1513 1125 caetera

88 1157 300 1207 animalia,
331 1169 370 1198 et
400 1158 588 1208 arbores,
620 1159 683 1199 vel
700 1157 744 1213 ⁶)
785 1174 832 1199 ex
871 1160 1199 1214 quibuscunque
1229 1160 1296 1201 hic
1326 1162 1514 1201 mundus

89 1245 265 1282 constat,
294 1250 374 1275 nec
402 1245 545 1275 tamen
583 1234 627 1275 in
660 1233 724 1276 his
755 1235 941 1276 creditur
972 1251 1057 1277 esse
1099 1248 1346 1291 peccatum,
1388 1237 1513 1292 quale

86 1312 139 1354 sit
169 1311 444 1367 requiramus.
504 1310 684 1352 Videtur
712 1311 831 1361 mihi,
862 1313 981 1368 quod
1010 1313 1079 1353 hic
1109 1312 1402 1367 Apostolus⁷)
1432 1313 1513 1354 ho-

87 1388 221 1430 mines
250 1387 347 1430 illos
376 1387 547 1438 sentiat,
578 1388 650 1443 qui
680 1387 765 1445 jam
796 1388 970 1430 rationis
1005 1405 1178 1444 capaces
1208 1401 1327 1437 sunt,
1367 1400 1407 1430 et
1436 1406 1513 1430 na-

86 1464 292 1507 turalibus
321 1465 480 1516 legibus
519 1476 689 1520 parent:
729 1465 848 1507 illam
878 1481 977 1506 vero
1011 1477 1210 1514 aetatem,
1252 1479 1362 1521 quae
1398 1483 1512 1507 non-

88 1544 191 1584 dum
223 1544 277 1583 ad
318 1542 592 1596 capacitatem
634 1542 808 1583 rationis
841 1541 1037 1592 accessit,
1064 1559 1154 1582 non
1185 1554 1271 1583 tam
1303 1542 1513 1592 homines,

86 1635 213 1674 quam
244 1620 455 1659 mundum
486 1618 772 1673 appellaverit,
796 1634 878 1674 pro
913 1634 987 1668 eo,
1021 1620 1138 1673 quod
1167 1630 1306 1674 partes
1336 1619 1512 1674 quidem

84 1693 238 1735 mundi
265 1694 370 1743 sint,
409 1695 605 1734 nondum
645 1705 788 1735 tamen
824 1695 870 1736 in
907 1694 992 1735 hoc
1031 1695 1242 1745 venerint,
1279 1706 1327 1736 ut
1362 1694 1512 1749 imagi-

85 1787 185 1812 nem
215 1770 259 1811 in
290 1787 332 1813 se
361 1771 459 1819 Dei,
490 1772 544 1812 ad
576 1787 702 1826 quam
735 1771 869 1813 homo
899 1773 1032 1812 factus
1066 1786 1153 1812 esse
1183 1771 1409 1827 dicitur‚8)
1441 1788 1512 1814 ca-

83 1848 265 1903 pacitate
313 1847 488 1888 rationis
538 1849 824 1903 expresserint.
894 1847 983 1889 Sed
1021 1859 1061 1888 et
1102 1848 1210 1888 illud
1241 1847 1387 1896 velim,
1430 1847 1511 1890 nisi

82 1924 180 1978 plus
209 1921 319 1980 justo
349 1922 567 1966 curiosum
584 1924 762 1975 videtur,
792 1925 1021 1980 inquirere,
1048 1940 1105 1966 ne
1132 1926 1243 1966 forte
1271 1925 1509 1966 secundum

86 2014 171 2050 eos,
201 1999 274 2055 qui
300 1999 434 2042 Musis
463 2003 598 2054 legem
618 2003 662 2044 in
686 2002 748 2044 his
770 2001 944 2053 intelligi
974 2002 1136 2050 volunt,
1163 2018 1241 2055 per
1263 2001 1360 2048 hoe,
1391 2002 1508 2055 quod

203 2186 247 2241 ι>
278 2186 405 2229 Rom.
435 2187 530 2238 vn,
560 2189 600 2231 9.

189 2257 395 2354 ‘ssREditi
441 2257 498 2312 (e.
552 2276 586 2299 c.
639 2260 734 2300 edd.
781 2260 891 2315 Μ.);
923 2260 1022 2310 „sed
1069 2258 1283 2300 advenisse
1330 2258 1507 2299 manda-

83 2326 186 2355 tum.
284 2347 293 2356 .

202 2383 249 2438 ³)
279 2383 417 2425 Alias:
449 2395 517 2432 „et
549 2384 621 2438 qui
652 2400 748 2425 cum
781 2385 903 2441 ipso“
936 2395 1009 2425 etc.
1043 2384 1090 2424 R.

201 2454 247 2508 4)
279 2454 406 2494 Rom.
437 2453 489 2501 V,
521 2454 588 2496 13.

202 2523 247 2576 ⁵)
277 2523 421 2565 Exstat
457 2524 541 2565 hoc
574 2526 687 2573 loco,
733 2525 806 2565 cfr.
844 2540 935 2580 pag.
973 2524 1072 2567 334.
1105 2534 1193 2564 not.
1223 2527 1261 2566 2.
1293 2527 1431 2572 ‚,erat“
1462 2523 1506 2564 in

88 2579 181 2620 edd.
210 2579 273 2620 M.
305 2591 343 2620 et
373 2581 424 2622 Ρι.

201 2647 247 2702 ⁶)
278 2649 557 2691 Desideratur
586 2650 702 2699 „vel“
732 2649 777 2690 iu
808 2651 904 2691 edd.
937 2648 1121 2690 Merlini.

204 2715 250 2772 ⁷)
284 2718 561 2760 Desideratur
599 2719 641 2760 in
681 2720 798 2761 libris
839 2731 960 2761 antea
1000 2717 1118 2760 editis
1161 2727 1219 2773 (ρ’,
1269 2735 1301 2758 c.
1335 2717 1377 2758 in
1409 2718 1505 2758 edd.

89 2772 195 2827 Μ.);
226 2776 527 2828 „Apostolus.“
556 2775 606 2816 R.

205 2841 252 2897 δ)
287 2842 436 2886 Genes.
465 2846 497 2895 l,
525 2847 593 2888 27.

89 2919 310 2961 Ortffissms
342 2919 512 2964 OPERA.
552 2921 670 2964 ΤοΜ.
703 2923 773 2963 Vl.
1120 2923 1175 2963 22
