<?xml version="1.0" encoding="UTF-8"?>
<!DOCTYPE html PUBLIC "-//W3C//DTD XHTML 1.0 Transitional//EN"
    "http://www.w3.org/TR/xhtml1/DTD/xhtml1-transitional.dtd">
<html xmlns="http://www.w3.org/1999/xhtml" xml:lang="en" lang="en">
 <head>
  <title>
</title>
<meta http-equiv="Content-Type" content="text/html;charset=utf-8" />
  <meta name='ocr-system' content='tesseract 3.04.00' />
  <meta name='ocr-capabilities' content='ocr_page ocr_carea ocr_par ocr_line ocrx_word'/>
</head>
<body>
  <div class='ocr_page' id='page_1' title='image "./operaomniaquaegr06orig_0351.png"; bbox 0 0 1788 3111; ppageno 0'>
   <div class='ocr_carea' id='block_1_1' title="bbox 493 134 1527 186">
    <p class='ocr_par' dir='ltr' id='par_1_1' title="bbox 493 134 1527 186">
     <span class='ocr_line' id='line_1_1' title="bbox 493 134 1527 186; baseline 0.009 -9"><span class='ocrx_word' id='word_1_1' title='bbox 493 134 934 178; x_wconf 69' lang='lat' dir='ltr'>CommnnrAmonum</span> <span class='ocrx_word' id='word_1_2' title='bbox 964 134 1055 178; x_wconf 83' lang='lat' dir='ltr'>Lm.</span> <span class='ocrx_word' id='word_1_3' title='bbox 1088 136 1137 178; x_wconf 91' lang='lat' dir='ltr'>V.</span> <span class='ocrx_word' id='word_1_4' title='bbox 1440 141 1527 186; x_wconf 89' lang='grc'>339</span> 
     </span>
    </p>
   </div>
   <div class='ocr_carea' id='block_1_2' title="bbox 90 235 1537 1675">
    <p class='ocr_par' dir='ltr' id='par_1_2' title="bbox 90 235 1537 1675">
     <span class='ocr_line' id='line_1_2' title="bbox 219 235 1537 304; baseline 0.005 -15"><span class='ocrx_word' id='word_1_5' title='bbox 219 247 494 303; x_wconf 80' lang='lat' dir='ltr'>Superest‚¹)</span> <span class='ocrx_word' id='word_1_6' title='bbox 530 258 578 289; x_wconf 80' lang='lat' dir='ltr'>ut</span> <span class='ocrx_word' id='word_1_7' title='bbox 615 246 739 288; x_wconf 86' lang='lat' dir='ltr'>etiam</span> <span class='ocrx_word' id='word_1_8' title='bbox 777 246 888 289; x_wconf 83' lang='lat' dir='ltr'>illud</span> <span class='ocrx_word' id='word_1_9' title='bbox 928 263 1010 303; x_wconf 88' lang='lat' dir='ltr'>pro</span> <span class='ocrx_word' id='word_1_10' title='bbox 1051 248 1208 292; x_wconf 77' lang='lat' dir='ltr'>viribus</span> <span class='ocrx_word' id='word_1_11' title='bbox 1238 235 1537 304; x_wconf 24' lang='lat' dir='ltr'>discutiamus,—</span> 
     </span>
     <span class='ocr_line' id='line_1_3' title="bbox 105 323 1523 380; baseline 0.004 -14"><span class='ocrx_word' id='word_1_12' title='bbox 105 325 329 380; x_wconf 86' lang='lat' dir='ltr'>quomodo</span> <span class='ocrx_word' id='word_1_13' title='bbox 362 324 520 366; x_wconf 84' lang='lat' dir='ltr'>dictum</span> <span class='ocrx_word' id='word_1_14' title='bbox 551 323 623 366; x_wconf 88' lang='lat' dir='ltr'>sit:</span> <span class='ocrx_word' id='word_1_15' title='bbox 657 325 755 374; x_wconf 87' lang='lat' dir='ltr'>„sed</span> <span class='ocrx_word' id='word_1_16' title='bbox 770 323 816 379; x_wconf 85' lang='lat'>²)</span> <span class='ocrx_word' id='word_1_17' title='bbox 847 323 1035 376; x_wconf 82' lang='lat' dir='ltr'>regnavit</span> <span class='ocrx_word' id='word_1_18' title='bbox 1053 341 1169 369; x_wconf 89' lang='lat' dir='ltr'>mors</span> <span class='ocrx_word' id='word_1_19' title='bbox 1201 328 1254 368; x_wconf 79' lang='lat' dir='ltr'>ab</span> <span class='ocrx_word' id='word_1_20' title='bbox 1283 329 1422 370; x_wconf 82' lang='lat' dir='ltr'>Adam</span> <span class='ocrx_word' id='word_1_21' title='bbox 1454 346 1523 372; x_wconf 89' lang='lat' dir='ltr'>us-</span> 
     </span>
     <span class='ocr_line' id='line_1_4' title="bbox 104 400 1523 457; baseline 0.004 -16"><span class='ocrx_word' id='word_1_22' title='bbox 104 417 187 456; x_wconf 88' lang='lat' dir='ltr'>que</span> <span class='ocrx_word' id='word_1_23' title='bbox 217 402 271 443; x_wconf 84' lang='lat' dir='ltr'>ad</span> <span class='ocrx_word' id='word_1_24' title='bbox 304 401 456 443; x_wconf 77' lang='lat' dir='ltr'>Mosen</span> <span class='ocrx_word' id='word_1_25' title='bbox 495 400 600 457; x_wconf 80' lang='lat' dir='ltr'>in3)</span> <span class='ocrx_word' id='word_1_26' title='bbox 631 416 725 450; x_wconf 88' lang='lat' dir='ltr'>eos,</span> <span class='ocrx_word' id='word_1_27' title='bbox 766 400 838 456; x_wconf 86' lang='lat' dir='ltr'>qui</span> <span class='ocrx_word' id='word_1_28' title='bbox 876 413 1160 457; x_wconf 82' lang='lat' dir='ltr'>peccaverunt</span> <span class='ocrx_word' id='word_1_29' title='bbox 1198 403 1241 444; x_wconf 83' lang='lat' dir='ltr'>in</span> <span class='ocrx_word' id='word_1_30' title='bbox 1282 404 1523 448; x_wconf 77' lang='lat' dir='ltr'>similitudi-</span> 
     </span>
     <span class='ocr_line' id='line_1_5' title="bbox 100 478 1522 534; baseline 0.004 -16"><span class='ocrx_word' id='word_1_31' title='bbox 100 494 200 519; x_wconf 89' lang='lat' dir='ltr'>nem</span> <span class='ocrx_word' id='word_1_32' title='bbox 230 478 600 534; x_wconf 80' lang='lat' dir='ltr'>praevaricationis</span> <span class='ocrx_word' id='word_1_33' title='bbox 631 478 798 527; x_wconf 80' lang='lat' dir='ltr'>Adami,</span> <span class='ocrx_word' id='word_1_34' title='bbox 827 479 900 534; x_wconf 87' lang='lat' dir='ltr'>qui</span> <span class='ocrx_word' id='word_1_35' title='bbox 931 488 990 520; x_wconf 86' lang='lat' dir='ltr'>est</span> <span class='ocrx_word' id='word_1_36' title='bbox 1018 479 1159 520; x_wconf 84' lang='lat' dir='ltr'>forma</span> <span class='ocrx_word' id='word_1_37' title='bbox 1189 481 1357 522; x_wconf 83' lang='lat' dir='ltr'>suturi.“</span> <span class='ocrx_word' id='word_1_38' title='bbox 1415 482 1522 524; x_wconf 76' lang='lat' dir='ltr'>Ter-</span> 
     </span>
     <span class='ocr_line' id='line_1_6' title="bbox 100 555 1521 612; baseline 0.003 -16"><span class='ocrx_word' id='word_1_39' title='bbox 100 555 159 596; x_wconf 88' lang='lat' dir='ltr'>tio</span> <span class='ocrx_word' id='word_1_40' title='bbox 195 572 310 596; x_wconf 85' lang='lat' dir='ltr'>nune</span> <span class='ocrx_word' id='word_1_41' title='bbox 343 556 571 612; x_wconf 85' lang='lat' dir='ltr'><strong>Apostolus</strong></span> <span class='ocrx_word' id='word_1_42' title='bbox 610 556 664 596; x_wconf 90' lang='lat' dir='ltr'>de</span> <span class='ocrx_word' id='word_1_43' title='bbox 702 566 841 596; x_wconf 87' lang='lat' dir='ltr'>morte</span> <span class='ocrx_word' id='word_1_44' title='bbox 880 566 1200 597; x_wconf 85' lang='lat' dir='ltr'>commemorat.</span> <span class='ocrx_word' id='word_1_45' title='bbox 1273 555 1419 598; x_wconf 86' lang='lat' dir='ltr'>Primo</span> <span class='ocrx_word' id='word_1_46' title='bbox 1453 558 1521 609; x_wconf 71' lang='lat' dir='ltr'>ait,</span> 
     </span>
     <span class='ocr_line' id='line_1_7' title="bbox 100 628 1522 689; baseline 0.002 -16"><span class='ocrx_word' id='word_1_47' title='bbox 100 634 219 688; x_wconf 88' lang='lat' dir='ltr'>quod</span> <span class='ocrx_word' id='word_1_48' title='bbox 250 632 415 688; x_wconf 74' lang='lat' dir='ltr'>‚,per4)</span> <span class='ocrx_word' id='word_1_49' title='bbox 443 643 665 689; x_wconf 83' lang='lat' dir='ltr'>peccatum</span> <span class='ocrx_word' id='word_1_50' title='bbox 696 648 812 674; x_wconf 90' lang='lat' dir='ltr'>mors</span> <span class='ocrx_word' id='word_1_51' title='bbox 839 628 1026 673; x_wconf 75' lang='lat' dir='ltr'>introivit</span> <span class='ocrx_word' id='word_1_52' title='bbox 1054 631 1097 673; x_wconf 86' lang='lat' dir='ltr'>in</span> <span class='ocrx_word' id='word_1_53' title='bbox 1126 632 1244 673; x_wconf 88' lang='lat' dir='ltr'>hunc</span> <span class='ocrx_word' id='word_1_54' title='bbox 1269 635 1522 676; x_wconf 85' lang='lat' dir='ltr'>mundum.“</span> 
     </span>
     <span class='ocr_line' id='line_1_8' title="bbox 100 707 1520 765; baseline 0.003 -16"><span class='ocrx_word' id='word_1_55' title='bbox 100 709 324 751; x_wconf 85' lang='lat' dir='ltr'>Secundo:</span> <span class='ocrx_word' id='word_1_56' title='bbox 354 709 424 759; x_wconf 89' lang='lat' dir='ltr'>„in</span> <span class='ocrx_word' id='word_1_57' title='bbox 440 707 483 764; x_wconf 86' lang='lat'>⁵)</span> <span class='ocrx_word' id='word_1_58' title='bbox 517 725 665 751; x_wconf 88' lang='lat' dir='ltr'>omnes</span> <span class='ocrx_word' id='word_1_59' title='bbox 683 708 892 757; x_wconf 86' lang='lat' dir='ltr'>homines,</span> <span class='ocrx_word' id='word_1_60' title='bbox 919 708 1069 764; x_wconf 86' lang='lat' dir='ltr'>inquit,</span> <span class='ocrx_word' id='word_1_61' title='bbox 1098 725 1214 750; x_wconf 86' lang='lat' dir='ltr'>mors</span> <span class='ocrx_word' id='word_1_62' title='bbox 1241 712 1520 765; x_wconf 83' lang='lat' dir='ltr'>pertransiit.“</span> 
     </span>
     <span class='ocr_line' id='line_1_9' title="bbox 98 785 1519 844; baseline 0.003 -18"><span class='ocrx_word' id='word_1_63' title='bbox 98 786 224 827; x_wconf 88' lang='lat' dir='ltr'>Nunc</span> <span class='ocrx_word' id='word_1_64' title='bbox 252 803 374 828; x_wconf 86' lang='lat' dir='ltr'>vero:</span> <span class='ocrx_word' id='word_1_65' title='bbox 404 785 689 841; x_wconf 76' lang='lat' dir='ltr'>,‚regnavit,⁶)</span> <span class='ocrx_word' id='word_1_66' title='bbox 720 786 869 842; x_wconf 89' lang='lat' dir='ltr'>inquit,</span> <span class='ocrx_word' id='word_1_67' title='bbox 897 802 1014 828; x_wconf 88' lang='lat' dir='ltr'>mors</span> <span class='ocrx_word' id='word_1_68' title='bbox 1047 786 1100 827; x_wconf 85' lang='lat' dir='ltr'>ab</span> <span class='ocrx_word' id='word_1_69' title='bbox 1134 788 1270 827; x_wconf 84' lang='lat' dir='ltr'>Adam</span> <span class='ocrx_word' id='word_1_70' title='bbox 1301 804 1433 844; x_wconf 88' lang='lat' dir='ltr'>usque</span> <span class='ocrx_word' id='word_1_71' title='bbox 1464 789 1519 830; x_wconf 85' lang='lat' dir='ltr'>ad</span> 
     </span>
     <span class='ocr_line' id='line_1_10' title="bbox 96 862 1516 918; baseline 0.004 -16"><span class='ocrx_word' id='word_1_72' title='bbox 96 862 291 904; x_wconf 80' lang='lat' dir='ltr'>Mosen.“</span> <span class='ocrx_word' id='word_1_73' title='bbox 347 863 403 903; x_wconf 89' lang='lat' dir='ltr'>Et</span> <span class='ocrx_word' id='word_1_74' title='bbox 431 862 565 904; x_wconf 84' lang='lat' dir='ltr'>sciens</span> <span class='ocrx_word' id='word_1_75' title='bbox 596 878 681 904; x_wconf 86' lang='lat' dir='ltr'>esse</span> <span class='ocrx_word' id='word_1_76' title='bbox 709 878 788 917; x_wconf 86' lang='lat' dir='ltr'>per</span> <span class='ocrx_word' id='word_1_77' title='bbox 816 862 920 904; x_wconf 88' lang='lat' dir='ltr'>haec</span> <span class='ocrx_word' id='word_1_78' title='bbox 939 862 1103 914; x_wconf 83' lang='lat' dir='ltr'>singula</span> <span class='ocrx_word' id='word_1_79' title='bbox 1123 863 1282 918; x_wconf 78' lang='lat' dir='ltr'>aliquas</span> <span class='ocrx_word' id='word_1_80' title='bbox 1313 865 1516 907; x_wconf 82' lang='lat' dir='ltr'>differen-</span> 
     </span>
     <span class='ocr_line' id='line_1_11' title="bbox 94 938 1516 996; baseline 0.002 -15"><span class='ocrx_word' id='word_1_81' title='bbox 94 939 183 989; x_wconf 83' lang='lat' dir='ltr'>tias,</span> <span class='ocrx_word' id='word_1_82' title='bbox 215 939 451 996; x_wconf 81' lang='lat' dir='ltr'>quand0⁷)</span> <span class='ocrx_word' id='word_1_83' title='bbox 483 938 656 994; x_wconf 86' lang='lat' dir='ltr'>quidem</span> <span class='ocrx_word' id='word_1_84' title='bbox 685 938 911 988; x_wconf 78' lang='lat' dir='ltr'>introierit,</span> <span class='ocrx_word' id='word_1_85' title='bbox 941 950 980 981; x_wconf 87' lang='lat' dir='ltr'>et</span> <span class='ocrx_word' id='word_1_86' title='bbox 1002 939 1238 995; x_wconf 61' lang='lat' dir='ltr'>quandos)</span> <span class='ocrx_word' id='word_1_87' title='bbox 1271 942 1516 996; x_wconf 83' lang='lat' dir='ltr'>regnaverit,</span> 
     </span>
     <span class='ocr_line' id='line_1_12' title="bbox 92 1015 1517 1073; baseline 0.002 -15"><span class='ocrx_word' id='word_1_88' title='bbox 92 1016 305 1059; x_wconf 79' lang='lat' dir='ltr'>indicavit.</span> <span class='ocrx_word' id='word_1_89' title='bbox 365 1016 502 1066; x_wconf 90' lang='lat' dir='ltr'>Tunc,</span> <span class='ocrx_word' id='word_1_90' title='bbox 530 1015 681 1073; x_wconf 84' lang='lat' dir='ltr'>inquit,</span> <span class='ocrx_word' id='word_1_91' title='bbox 709 1015 918 1065; x_wconf 84' lang='lat' dir='ltr'>introivit,</span> <span class='ocrx_word' id='word_1_92' title='bbox 957 1032 1055 1057; x_wconf 85' lang='lat' dir='ltr'>curn</span> <span class='ocrx_word' id='word_1_93' title='bbox 1086 1015 1248 1071; x_wconf 86' lang='lat' dir='ltr'>primus</span> <span class='ocrx_word' id='word_1_94' title='bbox 1279 1018 1411 1060; x_wconf 91' lang='lat' dir='ltr'>homo</span> <span class='ocrx_word' id='word_1_95' title='bbox 1444 1021 1517 1061; x_wconf 88' lang='lat' dir='ltr'>de-</span> 
     </span>
     <span class='ocr_line' id='line_1_13' title="bbox 93 1091 1516 1151; baseline 0.004 -17"><span class='ocrx_word' id='word_1_96' title='bbox 93 1093 226 1149; x_wconf 86' lang='lat' dir='ltr'>liquit.</span> <span class='ocrx_word' id='word_1_97' title='bbox 286 1093 342 1134; x_wconf 91' lang='lat' dir='ltr'>Et</span> <span class='ocrx_word' id='word_1_98' title='bbox 373 1094 596 1149; x_wconf 84' lang='lat' dir='ltr'>quomodo</span> <span class='ocrx_word' id='word_1_99' title='bbox 626 1092 841 1135; x_wconf 85' lang='lat' dir='ltr'>introierit</span> <span class='ocrx_word' id='word_1_100' title='bbox 870 1092 982 1134; x_wconf 84' lang='lat' dir='ltr'>dixit.</span> <span class='ocrx_word' id='word_1_101' title='bbox 1040 1091 1150 1141; x_wconf 86' lang='lat' dir='ltr'>„Per</span> <span class='ocrx_word' id='word_1_102' title='bbox 1165 1091 1209 1149; x_wconf 81' lang='lat'>⁹)</span> <span class='ocrx_word' id='word_1_103' title='bbox 1253 1103 1516 1151; x_wconf 85' lang='lat' dir='ltr'>peccatum,“</span> 
     </span>
     <span class='ocr_line' id='line_1_14' title="bbox 92 1169 1514 1229; baseline 0.004 -17"><span class='ocrx_word' id='word_1_104' title='bbox 92 1171 242 1227; x_wconf 86' lang='lat' dir='ltr'>inquit.</span> <span class='ocrx_word' id='word_1_105' title='bbox 299 1171 356 1212; x_wconf 89' lang='lat' dir='ltr'>Et</span> <span class='ocrx_word' id='word_1_106' title='bbox 390 1187 507 1211; x_wconf 90' lang='lat' dir='ltr'>nunc</span> <span class='ocrx_word' id='word_1_107' title='bbox 537 1171 656 1222; x_wconf 85' lang='lat' dir='ltr'>regni</span> <span class='ocrx_word' id='word_1_108' title='bbox 698 1169 785 1227; x_wconf 86' lang='lat' dir='ltr'>ejus</span> <span class='ocrx_word' id='word_1_109' title='bbox 823 1182 991 1226; x_wconf 81' lang='lat' dir='ltr'>tempus</span> <span class='ocrx_word' id='word_1_110' title='bbox 1031 1171 1084 1210; x_wconf 86' lang='lat' dir='ltr'>ab</span> <span class='ocrx_word' id='word_1_111' title='bbox 1115 1172 1253 1213; x_wconf 84' lang='lat' dir='ltr'>Adam</span> <span class='ocrx_word' id='word_1_112' title='bbox 1295 1190 1430 1229; x_wconf 85' lang='lat' dir='ltr'>usque</span> <span class='ocrx_word' id='word_1_113' title='bbox 1460 1175 1514 1216; x_wconf 83' lang='lat' dir='ltr'>ad</span> 
     </span>
     <span class='ocr_line' id='line_1_15' title="bbox 91 1244 1514 1304; baseline 0.003 -15"><span class='ocrx_word' id='word_1_114' title='bbox 91 1248 246 1291; x_wconf 85' lang='lat' dir='ltr'>Mosen</span> <span class='ocrx_word' id='word_1_115' title='bbox 277 1248 484 1299; x_wconf 80' lang='lat' dir='ltr'>designat:</span> <span class='ocrx_word' id='word_1_116' title='bbox 515 1248 738 1302; x_wconf 89' lang='lat' dir='ltr'>quomodo</span> <span class='ocrx_word' id='word_1_117' title='bbox 758 1244 828 1302; x_wconf 77' lang='lat'>¹⁰)</span> <span class='ocrx_word' id='word_1_118' title='bbox 860 1257 1000 1288; x_wconf 88' lang='lat' dir='ltr'>autem</span> <span class='ocrx_word' id='word_1_119' title='bbox 1030 1245 1075 1286; x_wconf 88' lang='lat' dir='ltr'>in</span> <span class='ocrx_word' id='word_1_120' title='bbox 1094 1246 1102 1269; x_wconf 89' lang='lat'><em>¹</em></span> <span class='ocrx_word' id='word_1_121' title='bbox 1121 1246 1162 1304; x_wconf 85' lang='lat'>¹)</span> <span class='ocrx_word' id='word_1_122' title='bbox 1195 1265 1341 1291; x_wconf 86' lang='lat' dir='ltr'>omnes</span> <span class='ocrx_word' id='word_1_123' title='bbox 1372 1251 1514 1293; x_wconf 84' lang='lat' dir='ltr'>homi·</span> 
     </span>
     <span class='ocr_line' id='line_1_16' title="bbox 90 1323 1513 1381; baseline 0.002 -14"><span class='ocrx_word' id='word_1_124' title='bbox 90 1343 164 1368; x_wconf 84' lang='lat' dir='ltr'>nes</span> <span class='ocrx_word' id='word_1_125' title='bbox 193 1323 499 1381; x_wconf 79' lang='lat' dir='ltr'>pertransierit,</span> <span class='ocrx_word' id='word_1_126' title='bbox 528 1340 619 1365; x_wconf 88' lang='lat' dir='ltr'>non</span> <span class='ocrx_word' id='word_1_127' title='bbox 651 1323 844 1366; x_wconf 84' lang='lat' dir='ltr'>ostendit.</span> <span class='ocrx_word' id='word_1_128' title='bbox 902 1324 1080 1365; x_wconf 85' lang='lat' dir='ltr'>Videtur</span> <span class='ocrx_word' id='word_1_129' title='bbox 1111 1340 1209 1377; x_wconf 87' lang='lat' dir='ltr'>ergo</span> <span class='ocrx_word' id='word_1_130' title='bbox 1241 1326 1346 1368; x_wconf 85' lang='lat' dir='ltr'>mihi</span> <span class='ocrx_word' id='word_1_131' title='bbox 1375 1327 1420 1368; x_wconf 86' lang='lat' dir='ltr'>in</span> <span class='ocrx_word' id='word_1_132' title='bbox 1450 1328 1513 1371; x_wconf 83' lang='lat' dir='ltr'>his</span> 
     </span>
     <span class='ocr_line' id='line_1_17' title="bbox 93 1400 1512 1460; baseline 0.001 -16"><span class='ocrx_word' id='word_1_133' title='bbox 93 1400 331 1444; x_wconf 78' lang='lat' dir='ltr'>describere</span> <span class='ocrx_word' id='word_1_134' title='bbox 363 1402 593 1458; x_wconf 80' lang='lat' dir='ltr'>Apostolus</span> <span class='ocrx_word' id='word_1_135' title='bbox 624 1402 736 1442; x_wconf 88' lang='lat' dir='ltr'>velut</span> <span class='ocrx_word' id='word_1_136' title='bbox 764 1401 933 1459; x_wconf 86' lang='lat' dir='ltr'>tyranni</span> <span class='ocrx_word' id='word_1_137' title='bbox 963 1400 1140 1459; x_wconf 86' lang='lat' dir='ltr'>alicujus</span> <span class='ocrx_word' id='word_1_138' title='bbox 1160 1403 1406 1453; x_wconf 85' lang='lat' dir='ltr'>ingressum,</span> <span class='ocrx_word' id='word_1_139' title='bbox 1438 1405 1512 1460; x_wconf 88' lang='lat' dir='ltr'>qui</span> 
     </span>
     <span class='ocr_line' id='line_1_18' title="bbox 91 1477 1520 1535; baseline 0.001 -15"><span class='ocrx_word' id='word_1_140' title='bbox 91 1479 274 1520; x_wconf 80' lang='lat' dir='ltr'>voluerit</span> <span class='ocrx_word' id='word_1_141' title='bbox 302 1495 477 1530; x_wconf 86' lang='lat' dir='ltr'>regnum</span> <span class='ocrx_word' id='word_1_142' title='bbox 509 1477 681 1529; x_wconf 84' lang='lat' dir='ltr'>legitimi</span> <span class='ocrx_word' id='word_1_143' title='bbox 712 1477 818 1529; x_wconf 83' lang='lat' dir='ltr'>regis</span> <span class='ocrx_word' id='word_1_144' title='bbox 846 1477 1060 1529; x_wconf 86' lang='lat' dir='ltr'>invadere,</span> <span class='ocrx_word' id='word_1_145' title='bbox 1093 1491 1132 1520; x_wconf 90' lang='lat' dir='ltr'>et</span> <span class='ocrx_word' id='word_1_146' title='bbox 1161 1479 1302 1535; x_wconf 87' lang='lat' dir='ltr'>primo</span> <span class='ocrx_word' id='word_1_147' title='bbox 1337 1480 1520 1534; x_wconf 15' lang='lat' dir='ltr'>quidemr</span> 
     </span>
     <span class='ocr_line' id='line_1_19' title="bbox 90 1554 1512 1611; baseline 0.001 -15"><span class='ocrx_word' id='word_1_148' title='bbox 90 1557 231 1597; x_wconf 80' lang='lat' dir='ltr'>fauces</span> <span class='ocrx_word' id='word_1_149' title='bbox 269 1555 378 1611; x_wconf 84' lang='lat' dir='ltr'>ipsas</span> <span class='ocrx_word' id='word_1_150' title='bbox 417 1567 456 1596; x_wconf 87' lang='lat' dir='ltr'>et</span> <span class='ocrx_word' id='word_1_151' title='bbox 503 1554 637 1596; x_wconf 80' lang='lat' dir='ltr'>aditus</span> <span class='ocrx_word' id='word_1_152' title='bbox 685 1555 803 1606; x_wconf 84' lang='lat' dir='ltr'>regni</span> <span class='ocrx_word' id='word_1_153' title='bbox 843 1555 1115 1611; x_wconf 85' lang='lat' dir='ltr'>occupaverit</span> <span class='ocrx_word' id='word_1_154' title='bbox 1151 1555 1512 1611; x_wconf 82' lang='lat' dir='ltr'>praevaricatione</span> 
     </span>
     <span class='ocr_line' id='line_1_20' title="bbox 90 1630 1513 1675; baseline -0.001 0"><span class='ocrx_word' id='word_1_155' title='bbox 90 1632 299 1675; x_wconf 85' lang='lat' dir='ltr'>custodis:</span> <span class='ocrx_word' id='word_1_156' title='bbox 337 1644 437 1673; x_wconf 88' lang='lat' dir='ltr'>tunc</span> <span class='ocrx_word' id='word_1_157' title='bbox 469 1633 623 1675; x_wconf 85' lang='lat' dir='ltr'>deinde</span> <span class='ocrx_word' id='word_1_158' title='bbox 662 1643 917 1673; x_wconf 87' lang='lat' dir='ltr'>cunctorum</span> <span class='ocrx_word' id='word_1_159' title='bbox 953 1630 1118 1674; x_wconf 82' lang='lat' dir='ltr'>animos</span> <span class='ocrx_word' id='word_1_160' title='bbox 1149 1632 1203 1672; x_wconf 85' lang='lat' dir='ltr'>ad</span> <span class='ocrx_word' id='word_1_161' title='bbox 1232 1647 1276 1673; x_wconf 86' lang='lat' dir='ltr'>se</span> <span class='ocrx_word' id='word_1_162' title='bbox 1304 1631 1513 1673; x_wconf 85' lang='lat' dir='ltr'>inclinare</span> 
     </span>
    </p>
   </div>
   <div class='ocr_carea' id='block_1_3' title="bbox 90 1706 1513 1765">
    <p class='ocr_par' dir='ltr' id='par_1_3' title="bbox 90 1706 1513 1765">
     <span class='ocr_line' id='line_1_21' title="bbox 90 1706 1513 1765; baseline -0.001 -14"><span class='ocrx_word' id='word_1_163' title='bbox 90 1710 331 1759; x_wconf 84' lang='lat' dir='ltr'>tentaverit,</span> <span class='ocrx_word' id='word_1_164' title='bbox 369 1720 408 1750; x_wconf 87' lang='lat' dir='ltr'>et</span> <span class='ocrx_word' id='word_1_165' title='bbox 446 1708 628 1750; x_wconf 82' lang='lat' dir='ltr'>maxima</span> <span class='ocrx_word' id='word_1_166' title='bbox 659 1725 706 1750; x_wconf 83' lang='lat' dir='ltr'>ex</span> <span class='ocrx_word' id='word_1_167' title='bbox 735 1719 854 1765; x_wconf 86' lang='lat' dir='ltr'>parte</span> <span class='ocrx_word' id='word_1_168' title='bbox 880 1708 1090 1764; x_wconf 82' lang='lat' dir='ltr'>potuerit,</span> <span class='ocrx_word' id='word_1_169' title='bbox 1121 1719 1161 1749; x_wconf 87' lang='lat' dir='ltr'>et</span> <span class='ocrx_word' id='word_1_170' title='bbox 1188 1708 1244 1750; x_wconf 84' lang='lat' dir='ltr'>ita</span> <span class='ocrx_word' id='word_1_171' title='bbox 1272 1706 1513 1749; x_wconf 84' lang='lat' dir='ltr'>indebitum</span> 
     </span>
    </p>
   </div>
   <div class='ocr_carea' id='block_1_4' title="bbox 84 1832 1513 2086">
    <p class='ocr_par' dir='ltr' id='par_1_4' title="bbox 84 1832 1513 2086">
     <span class='ocr_line' id='line_1_22' title="bbox 84 1832 1513 1933; baseline -0.001 -57"><span class='ocrx_word' id='word_1_172' title='bbox 84 1893 112 1933; x_wconf 78' lang='lat' dir='ltr'>b</span> <span class='ocrx_word' id='word_1_173' title='bbox 166 1896 189 1917; x_wconf 80' lang='lat' dir='ltr'>u</span> <span class='ocrx_word' id='word_1_174' title='bbox 211 1834 257 1892; x_wconf 77' lang='lat'>¹)</span> <span class='ocrx_word' id='word_1_175' title='bbox 284 1835 396 1878; x_wconf 83' lang='lat' dir='ltr'><strong>Edd.</strong></span> <span class='ocrx_word' id='word_1_176' title='bbox 423 1834 619 1877; x_wconf 83' lang='lat' dir='ltr'>Merlini:</span> <span class='ocrx_word' id='word_1_177' title='bbox 651 1834 885 1890; x_wconf 85' lang='lat' dir='ltr'>„Superest</span> <span class='ocrx_word' id='word_1_178' title='bbox 925 1834 1049 1876; x_wconf 83' lang='lat' dir='ltr'>etiam</span> <span class='ocrx_word' id='word_1_179' title='bbox 1079 1833 1200 1884; x_wconf 88' lang='lat' dir='ltr'>illud,</span> <span class='ocrx_word' id='word_1_180' title='bbox 1229 1845 1275 1875; x_wconf 89' lang='lat' dir='ltr'>ut</span> <span class='ocrx_word' id='word_1_181' title='bbox 1303 1849 1384 1889; x_wconf 88' lang='lat' dir='ltr'>pro</span> <span class='ocrx_word' id='word_1_182' title='bbox 1413 1832 1513 1875; x_wconf 84' lang='lat' dir='ltr'>viri·-</span> 
     </span>
     <span class='ocr_line' id='line_1_23' title="bbox 116 1903 582 2017; baseline 0.002 -16"><span class='ocrx_word' id='word_1_183' title='bbox 116 1909 163 1935; x_wconf 71' lang='lat'>¹²⁵</span> <span class='ocrx_word' id='word_1_184' title='bbox 202 1903 405 2017; x_wconf 36' lang='lat' dir='ltr'>²gtcloiom.</span> <span class='ocrx_word' id='word_1_185' title='bbox 435 1962 486 2012; x_wconf 85' lang='lat' dir='ltr'>V,</span> <span class='ocrx_word' id='word_1_186' title='bbox 516 1959 582 2003; x_wconf 88' lang='grc'><strong>14.</strong></span> 
     </span>
     <span class='ocr_line' id='line_1_24' title="bbox 204 2027 1506 2086; baseline 0 -16"><span class='ocrx_word' id='word_1_187' title='bbox 204 2031 251 2086; x_wconf 82' lang='lat'>3)</span> <span class='ocrx_word' id='word_1_188' title='bbox 280 2032 392 2073; x_wconf 88' lang='lat' dir='ltr'><strong>Edd.</strong></span> <span class='ocrx_word' id='word_1_189' title='bbox 423 2030 610 2079; x_wconf 88' lang='lat' dir='ltr'>Merlini,</span> <span class='ocrx_word' id='word_1_190' title='bbox 640 2031 713 2071; x_wconf 77' lang='lat' dir='ltr'>cfr.</span> <span class='ocrx_word' id='word_1_191' title='bbox 743 2046 785 2085; x_wconf 92' lang='lat' dir='ltr'>p.</span> <span class='ocrx_word' id='word_1_192' title='bbox 813 2029 918 2074; x_wconf 73' lang='grc'><strong>316.</strong></span> <span class='ocrx_word' id='word_1_193' title='bbox 939 2039 1028 2071; x_wconf 86' lang='lat' dir='ltr'>not.</span> <span class='ocrx_word' id='word_1_194' title='bbox 1058 2029 1097 2071; x_wconf 91' lang='grc'>4.</span> <span class='ocrx_word' id='word_1_195' title='bbox 1137 2027 1290 2078; x_wconf 86' lang='lat' dir='ltr'>„etiam</span> <span class='ocrx_word' id='word_1_196' title='bbox 1331 2028 1375 2070; x_wconf 89' lang='lat' dir='ltr'>in</span> <span class='ocrx_word' id='word_1_197' title='bbox 1421 2044 1506 2080; x_wconf 87' lang='lat' dir='ltr'>eos,</span> 
     </span>
    </p>
   </div>
   <div class='ocr_carea' id='block_1_5' title="bbox 83 2088 1506 2713">
    <p class='ocr_par' dir='ltr' id='par_1_5' title="bbox 88 2088 604 2144">
     <span class='ocr_line' id='line_1_25' title="bbox 88 2088 604 2144; baseline -0.006 -15"><span class='ocrx_word' id='word_1_198' title='bbox 88 2088 160 2144; x_wconf 90' lang='lat' dir='ltr'>qui</span> <span class='ocrx_word' id='word_1_199' title='bbox 190 2092 498 2143; x_wconf 85' lang='lat' dir='ltr'>peccaverunt“</span> <span class='ocrx_word' id='word_1_200' title='bbox 529 2097 604 2126; x_wconf 89' lang='lat' dir='ltr'>etc.</span> 
     </span>
    </p>

    <p class='ocr_par' dir='ltr' id='par_1_6' title="bbox 200 2152 1075 2212">
     <span class='ocr_line' id='line_1_26' title="bbox 200 2152 1075 2212; baseline 0 -16"><span class='ocrx_word' id='word_1_201' title='bbox 200 2155 247 2212; x_wconf 73' lang='lat'>4)</span> <span class='ocrx_word' id='word_1_202' title='bbox 278 2156 404 2196; x_wconf 88' lang='lat' dir='ltr'>Rom.</span> <span class='ocrx_word' id='word_1_203' title='bbox 436 2156 485 2204; x_wconf 88' lang='lat' dir='ltr'>V,</span> <span class='ocrx_word' id='word_1_204' title='bbox 516 2158 582 2199; x_wconf 79' lang='grc'><strong>12.</strong></span> <span class='ocrx_word' id='word_1_205' title='bbox 699 2154 742 2210; x_wconf 88' lang='lat'>⁵)</span> <span class='ocrx_word' id='word_1_206' title='bbox 775 2154 899 2196; x_wconf 86' lang='lat' dir='ltr'>Rom.</span> <span class='ocrx_word' id='word_1_207' title='bbox 930 2152 981 2204; x_wconf 85' lang='lat' dir='ltr'>V,</span> <span class='ocrx_word' id='word_1_208' title='bbox 1011 2154 1075 2198; x_wconf 82' lang='grc'><strong>12.</strong></span> 
     </span>
    </p>

    <p class='ocr_par' dir='ltr' id='par_1_7' title="bbox 201 2225 586 2280">
     <span class='ocr_line' id='line_1_27' title="bbox 201 2225 586 2280; baseline 0 -14"><span class='ocrx_word' id='word_1_209' title='bbox 201 2225 247 2280; x_wconf 75' lang='grc'>6)</span> <span class='ocrx_word' id='word_1_210' title='bbox 276 2225 404 2274; x_wconf 85' lang='lat' dir='ltr'>Rom,</span> <span class='ocrx_word' id='word_1_211' title='bbox 435 2225 487 2274; x_wconf 90' lang='lat' dir='ltr'>V,</span> <span class='ocrx_word' id='word_1_212' title='bbox 518 2225 586 2271; x_wconf 81' lang='lat'>14.</span> 
     </span>
    </p>

    <p class='ocr_par' dir='ltr' id='par_1_8' title="bbox 85 2291 1506 2464">
     <span class='ocr_line' id='line_1_28' title="bbox 202 2291 1506 2350; baseline -0.001 -14"><span class='ocrx_word' id='word_1_213' title='bbox 202 2296 247 2349; x_wconf 85' lang='lat'>⁷)</span> <span class='ocrx_word' id='word_1_214' title='bbox 277 2296 338 2336; x_wconf 87' lang='lat' dir='ltr'>Ita</span> <span class='ocrx_word' id='word_1_215' title='bbox 368 2306 478 2336; x_wconf 89' lang='lat' dir='ltr'>recte</span> <span class='ocrx_word' id='word_1_216' title='bbox 510 2294 610 2335; x_wconf 80' lang='lat' dir='ltr'>editi</span> <span class='ocrx_word' id='word_1_217' title='bbox 652 2294 712 2350; x_wconf 88' lang='lat' dir='ltr'>(v</span> <span class='ocrx_word' id='word_1_218' title='bbox 756 2311 789 2335; x_wconf 88' lang='lat' dir='ltr'>c.</span> <span class='ocrx_word' id='word_1_219' title='bbox 831 2294 897 2335; x_wconf 90' lang='lat' dir='ltr'>ed.</span> <span class='ocrx_word' id='word_1_220' title='bbox 939 2292 1000 2334; x_wconf 88' lang='grc' dir='ltr'>Μ.</span> <span class='ocrx_word' id='word_1_221' title='bbox 1031 2291 1107 2349; x_wconf 80' lang='grc' dir='ltr'>ΙΙ).</span> <span class='ocrx_word' id='word_1_222' title='bbox 1163 2293 1262 2335; x_wconf 64' lang='lat' dir='ltr'>Wlss.</span> <span class='ocrx_word' id='word_1_223' title='bbox 1292 2308 1392 2334; x_wconf 83' lang='lat' dir='ltr'>vero</span> <span class='ocrx_word' id='word_1_224' title='bbox 1424 2310 1506 2335; x_wconf 90' lang='lat' dir='ltr'>no-</span> 
     </span>
     <span class='ocr_line' id='line_1_29' title="bbox 85 2349 1505 2408; baseline -0.004 -13"><span class='ocrx_word' id='word_1_225' title='bbox 85 2351 169 2401; x_wconf 87' lang='lat' dir='ltr'>stri,</span> <span class='ocrx_word' id='word_1_226' title='bbox 200 2351 271 2395; x_wconf 81' lang='lat' dir='ltr'>alii</span> <span class='ocrx_word' id='word_1_227' title='bbox 301 2352 467 2408; x_wconf 83' lang='lat' dir='ltr'>(itemq.</span> <span class='ocrx_word' id='word_1_228' title='bbox 500 2352 565 2391; x_wconf 89' lang='lat' dir='ltr'>ed.</span> <span class='ocrx_word' id='word_1_229' title='bbox 595 2349 655 2393; x_wconf 85' lang='lat' dir='ltr'>M.</span> <span class='ocrx_word' id='word_1_230' title='bbox 686 2350 742 2406; x_wconf 82' lang='lat' dir='ltr'>I.)</span> <span class='ocrx_word' id='word_1_231' title='bbox 773 2349 843 2392; x_wconf 86' lang='lat' dir='ltr'>hic</span> <span class='ocrx_word' id='word_1_232' title='bbox 883 2361 924 2391; x_wconf 90' lang='lat' dir='ltr'>et</span> <span class='ocrx_word' id='word_1_233' title='bbox 952 2350 1086 2392; x_wconf 82' lang='lat' dir='ltr'>infra:</span> <span class='ocrx_word' id='word_1_234' title='bbox 1123 2350 1383 2406; x_wconf 84' lang='lat' dir='ltr'>„quoniam“</span> <span class='ocrx_word' id='word_1_235' title='bbox 1415 2361 1505 2400; x_wconf 67' lang='lat' dir='ltr'>etc„</span> 
     </span>
     <span class='ocr_line' id='line_1_30' title="bbox 85 2406 672 2464; baseline -0.007 -14"><span class='ocrx_word' id='word_1_236' title='bbox 85 2408 176 2450; x_wconf 86' lang='lat' dir='ltr'>alii:</span> <span class='ocrx_word' id='word_1_237' title='bbox 206 2410 485 2464; x_wconf 85' lang='lat' dir='ltr'>„quomodo“</span> <span class='ocrx_word' id='word_1_238' title='bbox 516 2418 591 2448; x_wconf 83' lang='lat' dir='ltr'>etc.</span> <span class='ocrx_word' id='word_1_239' title='bbox 621 2406 672 2446; x_wconf 80' lang='lat' dir='ltr'>R.</span> 
     </span>
    </p>

    <p class='ocr_par' dir='ltr' id='par_1_9' title="bbox 199 2475 795 2534">
     <span class='ocr_line' id='line_1_31' title="bbox 199 2475 795 2534; baseline 0.002 -15"><span class='ocrx_word' id='word_1_240' title='bbox 199 2479 246 2533; x_wconf 78' lang='lat'>⁸)</span> <span class='ocrx_word' id='word_1_241' title='bbox 279 2477 368 2520; x_wconf 84' lang='lat' dir='ltr'>Cfr.</span> <span class='ocrx_word' id='word_1_242' title='bbox 398 2491 490 2534; x_wconf 82' lang='lat' dir='ltr'>pag.</span> <span class='ocrx_word' id='word_1_243' title='bbox 522 2475 608 2534; x_wconf 81' lang='lat' dir='ltr'>huj.</span> <span class='ocrx_word' id='word_1_244' title='bbox 638 2488 726 2519; x_wconf 84' lang='lat' dir='ltr'>not.</span> <span class='ocrx_word' id='word_1_245' title='bbox 755 2478 795 2520; x_wconf 84' lang='lat'>7·</span> 
     </span>
    </p>

    <p class='ocr_par' dir='ltr' id='par_1_10' title="bbox 83 2543 1503 2713">
     <span class='ocr_line' id='line_1_32' title="bbox 199 2543 1500 2603; baseline -0.002 -15"><span class='ocrx_word' id='word_1_246' title='bbox 199 2546 245 2603; x_wconf 81' lang='lat'>⁹)</span> <span class='ocrx_word' id='word_1_247' title='bbox 278 2549 342 2590; x_wconf 91' lang='lat' dir='ltr'>Al.</span> <span class='ocrx_word' id='word_1_248' title='bbox 376 2548 434 2603; x_wconf 88' lang='lat' dir='ltr'>(v.</span> <span class='ocrx_word' id='word_1_249' title='bbox 467 2563 500 2588; x_wconf 91' lang='lat' dir='ltr'>c.</span> <span class='ocrx_word' id='word_1_250' title='bbox 543 2547 588 2588; x_wconf 88' lang='lat' dir='ltr'>in</span> <span class='ocrx_word' id='word_1_251' title='bbox 628 2548 694 2589; x_wconf 83' lang='lat' dir='ltr'>ed</span> <span class='ocrx_word' id='word_1_252' title='bbox 729 2544 790 2587; x_wconf 87' lang='lat' dir='ltr'>M.</span> <span class='ocrx_word' id='word_1_253' title='bbox 830 2545 904 2601; x_wconf 83' lang='lat' dir='ltr'><strong>I.):</strong></span> <span class='ocrx_word' id='word_1_254' title='bbox 934 2543 1220 2595; x_wconf 81' lang='lat' dir='ltr'>,‚Peccatum,</span> <span class='ocrx_word' id='word_1_255' title='bbox 1258 2544 1420 2600; x_wconf 85' lang='lat' dir='ltr'>inquit“</span> <span class='ocrx_word' id='word_1_256' title='bbox 1452 2561 1500 2586; x_wconf 91' lang='lat'>0-</span> 
     </span>
     <span class='ocr_line' id='line_1_33' title="bbox 84 2601 1503 2659; baseline 0 -17"><span class='ocrx_word' id='word_1_257' title='bbox 84 2601 208 2643; x_wconf 87' lang='lat' dir='ltr'>misso</span> <span class='ocrx_word' id='word_1_258' title='bbox 240 2609 380 2659; x_wconf 86' lang='lat' dir='ltr'>„per.“</span> <span class='ocrx_word' id='word_1_259' title='bbox 410 2604 459 2644; x_wconf 82' lang='lat' dir='ltr'>R.</span> <span class='ocrx_word' id='word_1_260' title='bbox 489 2629 541 2636; x_wconf 94' lang='lat'>—</span> <span class='ocrx_word' id='word_1_261' title='bbox 571 2603 652 2645; x_wconf 85' lang='lat' dir='ltr'>Ed.</span> <span class='ocrx_word' id='word_1_262' title='bbox 692 2602 754 2645; x_wconf 91' lang='grc' dir='ltr'><strong>Μ.</strong></span> <span class='ocrx_word' id='word_1_263' title='bbox 784 2603 846 2643; x_wconf 88' lang='lat' dir='ltr'>II:</span> <span class='ocrx_word' id='word_1_264' title='bbox 890 2601 1147 2653; x_wconf 80' lang='lat' dir='ltr'>„Peccatum</span> <span class='ocrx_word' id='word_1_265' title='bbox 1189 2601 1399 2653; x_wconf 75' lang='lat' dir='ltr'>regnavit,</span> <span class='ocrx_word' id='word_1_266' title='bbox 1436 2601 1503 2642; x_wconf 93' lang='lat' dir='ltr'>in-</span> 
     </span>
     <span class='ocr_line' id='line_1_34' title="bbox 83 2663 210 2713; baseline 0 -15"><span class='ocrx_word' id='word_1_267' title='bbox 83 2658 210 2713; x_wconf 85' lang='lat' dir='ltr'>qu1t“</span> 
     </span>
    </p>
   </div>
   <div class='ocr_carea' id='block_1_6' title="bbox 174 2725 1404 2785">
    <p class='ocr_par' dir='ltr' id='par_1_11' title="bbox 174 2725 1404 2785">
     <span class='ocr_line' id='line_1_35' title="bbox 174 2725 1404 2785; baseline -0.003 -16"><span class='ocrx_word' id='word_1_268' title='bbox 174 2726 244 2781; x_wconf 86' lang='lat'>¹⁰)</span> <span class='ocrx_word' id='word_1_269' title='bbox 274 2729 389 2771; x_wconf 87' lang='lat' dir='ltr'>Alias</span> <span class='ocrx_word' id='word_1_270' title='bbox 417 2729 477 2785; x_wconf 83' lang='lat' dir='ltr'>(v.</span> <span class='ocrx_word' id='word_1_271' title='bbox 510 2745 544 2770; x_wconf 81' lang='lat' dir='ltr'>c.</span> <span class='ocrx_word' id='word_1_272' title='bbox 574 2729 620 2770; x_wconf 90' lang='lat' dir='ltr'>in</span> <span class='ocrx_word' id='word_1_273' title='bbox 651 2729 747 2770; x_wconf 86' lang='lat' dir='ltr'>edd.</span> <span class='ocrx_word' id='word_1_274' title='bbox 774 2727 882 2783; x_wconf 72' lang='grc' dir='ltr'>Μ,&gt;;</span> <span class='ocrx_word' id='word_1_275' title='bbox 912 2728 1112 2784; x_wconf 84' lang='lat' dir='ltr'>„quando</span> <span class='ocrx_word' id='word_1_276' title='bbox 1145 2730 1325 2767; x_wconf 80' lang='lat' dir='ltr'>autem.“</span> <span class='ocrx_word' id='word_1_277' title='bbox 1355 2725 1404 2766; x_wconf 91' lang='lat' dir='ltr'>R.</span> 
     </span>
    </p>
   </div>
   <div class='ocr_carea' id='block_1_7' title="bbox 83 2794 1498 2897">
    <p class='ocr_par' dir='ltr' id='par_1_12' title="bbox 83 2794 1498 2897">
     <span class='ocr_line' id='line_1_36' title="bbox 176 2794 1498 2854; baseline -0.002 -17"><span class='ocrx_word' id='word_1_278' title='bbox 176 2797 244 2854; x_wconf 66' lang='grc' dir='ltr'>Η)</span> <span class='ocrx_word' id='word_1_279' title='bbox 277 2796 542 2839; x_wconf 78' lang='lat' dir='ltr'>omittuntur</span> <span class='ocrx_word' id='word_1_280' title='bbox 570 2797 614 2840; x_wconf 84' lang='lat' dir='ltr'>in</span> <span class='ocrx_word' id='word_1_281' title='bbox 645 2797 765 2840; x_wconf 85' lang='lat' dir='ltr'>editis</span> <span class='ocrx_word' id='word_1_282' title='bbox 795 2796 855 2854; x_wconf 86' lang='lat' dir='ltr'>(v.</span> <span class='ocrx_word' id='word_1_283' title='bbox 877 2814 912 2840; x_wconf 90' lang='lat' dir='ltr'>c.</span> <span class='ocrx_word' id='word_1_284' title='bbox 932 2797 977 2839; x_wconf 92' lang='lat' dir='ltr'>in</span> <span class='ocrx_word' id='word_1_285' title='bbox 1008 2798 1104 2839; x_wconf 84' lang='lat' dir='ltr'>edd.</span> <span class='ocrx_word' id='word_1_286' title='bbox 1134 2795 1220 2851; x_wconf 77' lang='grc' dir='ltr'>Μ.)</span> <span class='ocrx_word' id='word_1_287' title='bbox 1251 2796 1398 2837; x_wconf 81' lang='lat' dir='ltr'>verba:</span> <span class='ocrx_word' id='word_1_288' title='bbox 1429 2794 1498 2846; x_wconf 86' lang='lat' dir='ltr'>„in</span> 
     </span>
     <span class='ocr_line' id='line_1_37' title="bbox 83 2854 568 2897; baseline 0.002 -4"><span class='ocrx_word' id='word_1_289' title='bbox 83 2869 229 2897; x_wconf 88' lang='lat' dir='ltr'>omnes</span> <span class='ocrx_word' id='word_1_290' title='bbox 259 2854 490 2896; x_wconf 89' lang='lat' dir='ltr'>homines.“</span> <span class='ocrx_word' id='word_1_291' title='bbox 519 2854 568 2895; x_wconf 86' lang='lat' dir='ltr'>R.</span> 
     </span>
    </p>
   </div>
   <div class='ocr_carea' id='block_1_8' title="bbox 1035 2929 1133 2971">
    <p class='ocr_par' dir='ltr' id='par_1_13' title="bbox 1035 2929 1133 2971">
     <span class='ocr_line' id='line_1_38' title="bbox 1035 2929 1133 2971; baseline -0.02 0"><span class='ocrx_word' id='word_1_292' title='bbox 1035 2929 1133 2971; x_wconf 72' lang='lat'>22*</span> 
     </span>
    </p>
   </div>
  </div>
 </body>
</html>
