1788 3111
490 101 930 144 Commnnmmonum
961 98 1050 140 Lm.
1080 97 1154 138 111.
1453 98 1531 140 191

118 214 355 260 obnoxium
385 215 471 257 Dei
499 214 660 271 judicio
690 214 894 255 futurum.
954 208 1092 268 Hujus
1123 210 1234 252 enim
1265 211 1386 262 legis,
1426 227 1536 266 quae

116 293 365 336 naturaliter
394 292 643 334 hominibus
671 291 799 340 inest,
835 289 978 330 nullus
1007 299 1066 329 est
1095 304 1259 343 expers,
1288 304 1428 344 neque
1457 289 1537 329 Ju-

118 373 346 420 ‹laeorum,
375 384 515 425 neque
545 365 800 407 Gentilium:
840 377 878 406 et
908 364 1007 406 ideo
1037 377 1346 421 consequenter
1375 365 1535 407 dictum

117 448 283 489 videtur
314 446 434 487 etiam
475 444 604 493 illud,
627 442 670 497 ¹)
709 443 827 497 quod
868 441 1117 499 justificetur
1154 442 1273 483 Deus
1311 441 1355 482 in
1399 442 1536 484 verbis

116 523 222 571 suis,
263 534 303 564 et
341 523 480 564 vincat
518 536 615 561 cum
654 518 880 577 judicatur.
938 519 998 561 Ut
1025 519 1144 560 verbi
1175 535 1298 560 causa
1328 518 1535 561 dicamus:

116 599 150 641 si
181 600 433 656 requiratun,
463 598 565 652 quid
588 596 707 638 Deus
729 596 896 638 homini
927 596 1166 645 contulerit,
1196 608 1235 636 et
1265 596 1369 652 quid
1399 596 1534 636 bomo

117 692 164 717 ex
195 677 279 724 his,
321 690 429 730 quae
460 690 483 714 a
514 674 612 714 Deo
652 672 834 729 accepit,
877 684 1074 729 operatus
1103 672 1176 722 sit,
1214 672 1397 730 judicari
1437 690 1535 714 cum

117 753 362 794 hominibus
390 751 509 792 Deus
545 749 777 791 videbitur:
818 760 858 790 et
884 749 1120 792 invenietur
1135 749 1181 804 2)
1213 750 1386 806 quidem
1417 749 1536 792 Deus

117 830 280 871 dedisse
309 827 475 870 homini
507 843 656 869 omnes
689 827 886 876 affectus,
918 843 1150 883 omnesque
1182 839 1339 877 motus,
1381 828 1535 882 quibus

114 909 167 948 ad
207 907 398 947 virtutem
440 903 516 945 niti
553 903 685 960 possit
728 914 769 944 et
807 904 1032 958 progredi,
1070 905 1245 960 insuper
1282 904 1404 945 etiam
1449 904 1532 945 vim

112 984 288 1026 rationis
326 979 566 1030 inseruisse,
610 996 693 1036 qua
733 993 995 1032 agnosceret,
1047 982 1148 1037 quid
1191 982 1364 1022 deberet
1401 996 1536 1031 agere,

113 1061 215 1116 quid
263 1075 421 1101 cavere.
509 1057 628 1098 Haec
675 1071 773 1109 ergo
821 1058 1033 1099 invenitur
1081 1058 1201 1099 Deus
1249 1057 1536 1098 communiter

114 1138 314 1179 omnibus
343 1134 591 1177 hominibus
619 1134 880 1190 praestitisse.
923 1134 1010 1176 Sed
1038 1134 1071 1176 si
1101 1134 1164 1176 his
1191 1134 1369 1188 acceptis
1397 1134 1532 1174 homo

112 1212 398 1267 negtexeritss)
428 1212 507 1253 iter
536 1211 697 1253 virtutis
726 1212 936 1262 incedere,
967 1211 1037 1253 cui
1067 1229 1112 1253 ex
1132 1211 1229 1252 Deo
1249 1210 1358 1250 nihil
1388 1210 1534 1259 defuit,

111 1289 323 1330 invenitur
357 1289 448 1344 ipse
487 1288 666 1330 defuisse
705 1288 776 1338 iis,
823 1305 933 1343 quae
973 1306 994 1331 a
1034 1289 1132 1329 Deo
1175 1289 1270 1328 data
1307 1298 1404 1328 sunt
1441 1286 1532 1328 sibi.

115 1367 271 1407 Merito
320 1381 417 1418 ergo
459 1365 616 1406 dicitur
637 1364 683 1419 4’)
725 1365 770 1406 in
808 1365 882 1406 tali
920 1364 1081 1421 judicio
1122 1365 1241 1404 Deus
1280 1363 1448 1404 vincere
1494 1375 1534 1403 et

112 1441 330 1500 justificari
358 1441 401 1483 in
431 1441 570 1483 verbis
596 1441 691 1483 suis.
737 1441 854 1483 Haec
888 1456 986 1492 ergo
1018 1441 1081 1481 lex
1111 1439 1313 1481 naturalis
1343 1439 1534 1494 loquitur

114 1519 334 1567 omnibus,
374 1518 447 1573 qui
476 1518 519 1560 in
549 1519 641 1570 lege
669 1529 786 1561 sunt:
830 1534 877 1559 ex
908 1517 1025 1574 cujus
1054 1517 1289 1572 praeceptis
1317 1515 1399 1556 soli
1429 1515 1532 1556 mihi

113 1595 326 1636 immunes
367 1594 460 1635 fieri
506 1595 703 1636 videntur
747 1594 947 1643 infantes,
994 1592 1145 1648 quibus
1188 1593 1384 1632 nondum
1426 1592 1535 1633 inest

113 1671 231 1728 pravi
271 1670 460 1726 rectique
497 1669 718 1727 judicium.
778 1669 864 1711 Sed
902 1670 966 1711 his
1003 1669 1036 1711 si
1075 1669 1199 1709 etiam
1238 1668 1302 1710 illi
1339 1668 1532 1710 sociandi

111 1747 276 1802 sint,⁵)
317 1746 390 1802 qui
429 1762 685 1802 quacunque
721 1763 767 1787 ex
800 1763 922 1788 causa
958 1745 1142 1800 impotes
1160 1744 1205 1799 6)
1242 1757 1340 1787 sunt
1368 1746 1532 1794 mentis,

110 1825 265 1866 videto.
324 1823 521 1880 Exceptis
550 1840 650 1865 vero
683 1824 746 1865 his
776 1824 918 1865 nullus
951 1815 1175 1865 ho'minum
1209 1822 1316 1864 mihi
1345 1824 1534 1874 effugere

108 1901 275 1943 videtur
304 1901 415 1942 hanc
443 1901 592 1952 legem.
652 1899 1026 1943 Considerandum
1057 1911 1116 1941 est
1146 1912 1308 1949 autem,
1336 1915 1391 1939 ne
1420 1901 1531 1940 forte
1581 1899 1583 1901 ’

109 1994 199 2018 non
226 1978 367 2018 solum
398 1977 607 2027 homines,
635 1979 709 2019 sed
740 1989 779 2018 et
809 1979 992 2028 angelos,
1028 1988 1067 2017 et
1096 1993 1282 2027 omnem,
1314 1993 1530 2031 quaecun-

112 2069 194 2108 que
216 2053 286 2094 illa
314 2064 383 2100 est,
410 2054 708 2095 rationabilem
736 2067 972 2095 creaturam
997 2055 1061 2094 lex
1082 2053 1158 2094 ista
1184 2053 1449 2103 constringat.
1481 2053 1526 2093 Si

110 2129 223 2170 enim
254 2141 365 2170 recte
396 2146 418 2169 a
441 2129 699 2184 sapientibus
721 2131 942 2171 definitum
963 2141 1034 2180 est,
1063 2131 1198 2182 legem
1230 2146 1327 2178 esse,
1357 2128 1526 2185 quae7)

112 2206 238 2247 dictet
279 2207 395 2261 quod
437 2205 502 2257 agi
541 2207 715 2256 debeat,
758 2217 797 2247 et
836 2208 955 2262 quod
987 2206 1051 2258 agi
1088 2223 1178 2247 non
1218 2207 1370 2248 debeat
1408 2217 1527 2256 vetet,

227 2344 270 2399 Ι)
303 2345 427 2387 Rom.
457 2344 531 2394 III,
560 2345 597 2387 4.
629 2346 727 2386 coll.
757 2346 911 2388 Psalm.
943 2344 1009 2395 LI,
1039 2345 1078 2387 4.
1109 2343 1204 2401 (L.)

221 2413 270 2469 2)
300 2415 411 2456 Edd.
444 2415 640 2456 Merlini:
670 2415 892 2456 invenitur.

225 2483 271 2538 3)
302 2484 412 2525 Edd.
440 2484 639 2525 Mei-lini:
672 2485 862 2537 neglexit.

224 2553 271 2607 ⁴)
303 2553 425 2595 Rom.
458 2554 531 2603 Ill,
561 2555 598 2595 4.
632 2556 728 2596 coll.
759 2554 911 2597 Psalm.
941 2554 1006 2605 LI,
1034 2554 1072 2596 4.
1102 2554 1195 2611 (L.)

227 2621 271 2677 5)
302 2622 412 2663 Edd.
439 2623 634 2665 Merlini:
664 2636 770 2666 sunt.

224 2690 272 2745 6)
302 2692 416 2734 Alias
446 2694 506 2749 (e.
537 2710 570 2734 c.
599 2695 643 2735 in
677 2696 771 2735 edd.
809 2694 915 2748 Ma)
944 2695 1185 2745 „dementes
1216 2696 1360 2736 fiunt.“
1389 2694 1439 2735 R.

227 2759 271 2814 7)
302 2762 367 2802 ΑΙ.
398 2778 532 2817 „quae
562 2764 673 2805 dicat
692 2766 836 2818 ψιοᾰιι
867 2775 942 2805 etc.
968 2764 1017 2803 R.
1049 2787 1101 2794 -
1132 2763 1212 2805 Ed.
1234 2762 1296 2804 M.
1318 2764 1356 2803 I:
1389 2781 1524 2820 „quae

110 2816 211 2858 dicit
241 2828 279 2857 et
310 2820 452 2871 quod“
484 2830 579 2869 etc„
611 2822 675 2861 ed.
706 2820 768 2861 Μ.
799 2820 859 2861 Il:
888 2836 1022 2876 „quae
1050 2830 1090 2861 et
1121 2820 1230 2862 dicat
1260 2822 1414 2875 quod“
1448 2832 1520 2861 erc.
