1788 3111
202 109 286 151 361
540 105 764 149 Ofuemus
796 120 841 149 m
871 106 948 149 ΕΡ.
980 119 1039 149 An
1071 107 1302 151 Romzmos‘

202 238 281 261 nus
312 219 430 261 Deus
462 222 515 261 de
543 220 755 276 paradiso,
788 232 827 261 et
853 220 1070 262 constituit
1096 237 1192 262 eum
1221 220 1266 262 in
1281 231 1392 262 terra
1414 221 1493 263 hac
1524 238 1627 264 eon-

202 309 266 338 tra
296 296 540 352 paradisum
572 297 842 339 deliciarum:
885 309 924 339 et
967 299 1069 339 haec
1110 297 1191 339 fuit
1232 297 1374 339 delicti
1405 296 1493 356 ejus
1523 316 1627 341 con-

202 374 444 424 demnatio,
487 391 595 429 quae
635 374 679 415 in
713 391 860 416 omnes
890 374 1084 417 homines
1121 375 1211 416 sinc
1253 375 1386 416 dubio
1424 374 1627 431 pervenit.

203 452 367 494 Omnes
422 451 535 492 enim
575 452 617 492 in
659 453 758 493 loco
798 453 880 493 hoe
921 451 1225 493 humiliationis
1272 464 1312 493 et
1349 452 1394 492 in
1437 452 1630 494 convalle

198 530 323 570 {letus
356 528 496 570 effecti
536 541 654 570 sunt:
694 528 778 569 sive
818 530 936 584 quod
975 530 1019 570 in
1059 529 1216 571 lumbis
1259 529 1413 571 Adami
1454 531 1630 570 suerunt

202 623 363 657 omnes,
394 606 466 662 qui
499 623 545 647 ex
578 622 628 646 eo
660 617 912 656 naseuntur,
958 618 998 647 et
1017 607 1058 662 ¹)
1102 624 1200 648 eum
1230 606 1323 662 ipso
1354 605 1514 662 pariter
1543 604 1626 663 eie·-

200 685 255 726 eti
286 695 406 725 sunt:
438 684 523 725 sive
554 683 638 724 alio
672 683 866 738 quolibet
895 682 1171 725 inenarrabili
1201 684 1335 724 modo
1370 695 1411 724 et
1430 682 1511 724 soli
1530 683 1627 723 Deo

201 762 373 815 cognito
404 759 696 816 unusquisque
729 762 782 801 de
812 760 1010 817 paradiso
1042 773 1182 802 trusus
1214 760 1390 811 videtur,
1422 772 1463 801 et
1477 759 1525 815 ²)
1557 775 1624 800 exa

201 839 359 894 cepisse
390 837 807 880 condemnationem.

311 919 350 959 5.
381 915 592 970 ‚,Sieut3)
634 915 748 956 enim
789 932 866 971 per
904 914 1241 956 inobedientiam
1280 915 1406 957 unius
1444 913 1630 955 hominis

198 1005 441 1050 peccatores
472 991 688 1033 constituti
719 1004 817 1033 sunt
845 993 982 1043 multi,
1013 993 1069 1034 ita
1102 986 1142 1033 et
1165 1009 1243 1048 per
1266 991 1391 1033 unius
1423 991 1628 1033 obedien-

198 1071 300 1112 tiam
329 1070 427 1128 justi
458 1069 770 1111 constituentur
798 1069 961 1111 multi.“
1028 1070 1175 1111 Potest
1218 1069 1391 1125 quidem
1430 1069 1544 1118 fieri,
1582 1079 1629 1108 ut

199 1150 434 1190 seeundum
467 1164 526 1196 ea,
563 1164 671 1202 quae
701 1147 744 1187 in
783 1146 1074 1203 superioribus
1115 1145 1440 1196 observavimus,
1469 1146 1629 1186 Paulus

200 1228 347 1268 volens
377 1224 573 1283 mysteria
604 1223 830 1265 secretiora
862 1236 1107 1277 contegere,
1150 1240 1257 1279 quos
1296 1223 1397 1263 alibi
1426 1221 1630 1273 „omnes“

201 1304 373 1352 dixerat,
405 1301 507 1342 alibi
537 1303 696 1343 multos
719 1313 866 1358 ponat,
899 1319 954 1343 ne
973 1304 1097 1352 forte,
1120 1301 1153 1342 si
1174 1300 1341 1342 dixisset
1369 1316 1473 1355 „per
1504 1299 1629 1340 unius

199 1379 537 1422 inobedientiam
566 1386 838 1435 peccatores“
868 1381 1002 1421 factos
1036 1396 1122 1420 esse
1154 1395 1326 1428 omnes,
1367 1389 1408 1419 et
1436 1394 1627 1419 necessa-

200 1459 264 1500 rio
307 1455 610 1514 subjunxisset:
660 1456 742 1508 „ita
782 1469 822 1498 et
865 1474 943 1513 per
978 1457 1104 1498 unius
1146 1455 1433 1498 obedientiam
1448 1455 1494 1512 4)
1532 1454 1629 1513 justi

200 1535 539 1578 constituentur“
571 1550 740 1584 omnes,
779 1533 995 1575 videretur
1026 1551 1073 1576 ex
1104 1532 1350 1591 hujusmodi
1379 1531 1626 1588 promissio—

200 1614 264 1655 nis
302 1612 525 1654 securitate
570 1612 782 1653 resolvere
830 1612 994 1653 animos
1043 1628 1216 1660 eorum,
1264 1609 1418 1665 quibus
1462 1608 1629 1664 expedit

203 1708 290 1732 esse
318 1691 396 1731 sub
427 1700 557 1729 metu.
616 1688 673 1728 Et
702 1687 800 1728 ideo
826 1705 905 1729 nos
936 1689 1073 1730 fidelis
1105 1700 1144 1729 et
1169 1688 1392 1744 prudentis
1422 1686 1465 1727 in
1495 1687 1626 1727 verbo

200 1768 285 1810 Dei
317 1763 616 1822 dispensatoris
648 1763 873 1806 eonsilium
902 1777 1133 1815 servantes,
1175 1782 1254 1820 pro
1298 1781 1350 1805 eo
1393 1763 1522 1816 magis
1560 1780 1625 1804 sa—

200 1846 394 1887 tisfacere
426 1844 646 1891 debemus,
679 1843 901 1897 quomodo
926 1860 1005 1898 per
1026 1842 1150 1883 unius
1171 1840 1508 1883 inobedientiam
1538 1857 1626 1880 non

204 1938 363 1971 omnes,
396 1921 469 1962 sed
498 1918 624 1960 multi
653 1930 750 1959 sunt
778 1931 1023 1974 peccatores
1064 1918 1175 1960 sacti.
1232 1921 1344 1960 Nam
1381 1935 1459 1973 per
1499 1917 1625 1958 unius

203 1998 490 2042 obedientiam
522 1998 745 2052 quomodo
775 2013 866 2038 non
897 2012 1069 2045 omnes,
1110 1997 1184 2036 sed
1214 1995 1338 2037 multi
1368 1995 1628 2036 constituan-

202 2090 285 2127 tur,
317 2076 613 2117 difficultatem
644 2090 734 2114 non
765 2073 937 2113 habebit
966 2072 1279 2126 intelligentiae,
1310 2075 1546 2114 secundum
1576 2072 1627 2112 il-

203 2156 292 2205 lud,
335 2153 453 2210 quod
490 2151 707 2193 Dominus
747 2150 847 2192 dicit
886 2151 931 2192 in
970 2150 1224 2202 Evangelio:
1262 2149 1473 2204 ,‚multi⁵)
1516 2149 1627 2190 enim

202 2231 372 2272 venient
402 2231 453 2271 ab
487 2229 650 2270 oriente
681 2241 721 2270 et
752 2229 984 2278 occidente,
1017 2240 1058 2269 et
1081 2229 1332 2269 recumbent
1362 2244 1459 2268 cum
1489 2227 1627 2266 Abra-

203 2312 324 2359 ham,
372 2320 412 2348 et
448 2308 584 2356 Isaac,
628 2318 669 2347 ct
707 2307 844 2348 Jacob
883 2305 927 2346 in
966 2322 1095 2358 regno
1136 2305 1267 2347 Dei2“
1307 2316 1347 2346 ct
1386 2321 1474 2344 non
1506 2303 1625 2344 dixit:

204 2404 351 2429 onmes
381 2383 563 2425 venient.
606 2384 857 2425 Peccatores
888 2395 1030 2424 autem
1062 2384 1285 2439 quomodo
1316 2380 1439 2422 multi
1470 2392 1509 2421 et
1538 2397 1627 2420 non

205 2481 353 2507 omnes
383 2462 617 2509 videantur,
658 2477 755 2501 cum
797 2459 910 2501 idem
947 2461 1179 2516 Apostolus
1221 2459 1344 2509 dicat,
1392 2458 1509 2513 quod
1549 2474 1625 2508 „o<

327 2644 368 2699 Γ)
400 2642 679 2684 Desideratur
709 2648 803 2693 „et“
834 2641 875 2681 in
910 2642 1006 2682 edd.
1038 2640 1223 2681 Merlini.

322 2714 368 2770 ²)
402 2715 532 2754 Deest
564 2719 658 2763 „et“
691 2711 729 2752 in
764 2712 857 2752 cdd.
889 2712 950 2752 M.
1079 2711 1126 2765 ³)
1154 2711 1278 2752 Rom.
1313 2712 1362 2761 V,
1397 2713 1459 2756 1ὓί

326 2783 371 2835 ⁴)
403 2785 481 2824 lid.
514 2785 576 2825 M.
610 2784 667 2822 ll:
701 2781 1045 2824 inobedientiam.

328 2857 368 2907 ³)
404 2854 695 2904 Matt11.Vlll,
729 2854 788 2895 11.
