1788 3111
517 81 958 126 CommnurAmonum
988 82 1080 124 Lm.
1111 84 1163 125 V.
1463 87 1548 131 319

131 209 257 247 stum,
296 195 576 238 consideravit
611 195 752 252 palam
789 194 891 236 haec
933 194 1015 236 dici
1053 206 1094 236 et
1132 196 1305 251 publice
1342 215 1432 240 non
1471 201 1545 242 de·-

129 275 251 316 bere:
283 273 408 315 simul
439 285 479 314 et
509 273 618 314 illud
649 273 896 322 ostendens,
937 272 1077 328 quod,
1118 271 1277 316 etiamsi
1305 292 1384 331 per
1412 295 1546 321 unum

129 350 347 392 hominem
379 349 534 407 justitia
569 348 756 391 introivit
785 348 830 389 in
859 350 972 389 hunc
991 350 1214 399 mundum,
1244 363 1283 392 et
1303 353 1345 409 ¹)
1371 371 1449 409 per
1477 354 1544 413 ju,

129 428 282 470 stitiam
313 428 407 478 vita,
439 439 479 468 et
501 426 557 468 sic
582 426 627 467 in
653 442 800 468 omnes
826 425 1018 466 homines
1037 427 1313 481 pertransivit,
1345 434 1547 489 tamen2)

128 521 218 545 non
249 506 331 545 hoc
361 504 406 544 in
436 503 645 559 praesenti
675 501 812 543 statim
845 502 1106 555 contingere,
1147 521 1225 545 nec
1260 506 1403 549 otiosis
1434 511 1545 551 acci-

128 583 241 631 dere,
272 582 345 623 sed
377 580 451 631 his,
484 579 555 636 qui
585 580 722 620 multo
741 580 890 620 labore
917 592 956 621 et
987 581 1143 621 sudore
1173 583 1403 636 potuerint,
1438 603 1544 642 quae

128 660 294 700 occulta
323 669 431 708 sunt,
463 673 678 713 quaerere,
706 657 899 712 pulsare,
931 674 1038 713 quae
1068 659 1206 700 clausa
1238 671 1347 710 sunt,
1379 663 1543 705 deside—

127 752 232 785 rare,
265 751 371 791 quae
402 733 648 775 abscondita
680 746 788 774 sunt.
848 734 1049 790 Denique
1093 747 1134 776 et
1172 736 1214 776 in
1262 753 1312 778 eo
1344 739 1543 794 capitulo,

127 813 245 867 quod
274 829 354 868 pro
385 810 659 852 similitudine
689 812 844 852 horum
867 811 1079 853 dictorum
1108 813 1152 853 in
1168 813 1213 870 3)
1244 815 1434 857 medium
1467 819 1541 858 ad·-

125 890 332 938 duximus,
362 888 406 929 id
438 899 518 930 est:
549 887 682 937 „sicut
698 887 743 942 ⁴²)
775 887 887 928 enim
925 888 970 928 in
1001 890 1140 930 Adam
1174 907 1319 933 omnes
1347 894 1542 935 moriun-

122 971 239 1007 tur:“
268 983 359 1007 non
391 966 518 1007 dixit:
549 965 631 1015 „ita
664 977 704 1006 et
731 965 775 1005 in
806 965 973 1006 Christo
1006 973 1180 1008 omnes“
1209 967 1402 1010 vivificati
1433 983 1542 1022 sunt,

122 1054 194 1084 aut
222 1043 503 1093 vivificantur,
544 1045 618 1084 sed
658 1042 1048 1094 ‚‚vivificabuntur‚“
1089 1055 1136 1084 ut
1176 1047 1417 1087 ostenderet
1447 1048 1540 1103 qui-

123 1120 221 1161 dem
249 1137 445 1176 praesens
476 1132 642 1175 tempus
684 1136 770 1162 esse
799 1120 958 1161 laboris
992 1133 1033 1161 et
1063 1121 1223 1177 operis,
1263 1122 1309 1163 in
1347 1140 1433 1179 quo
1463 1141 1541 1180 per

121 1198 282 1237 bonam
315 1198 677 1238 conversationem
708 1196 857 1238 merita
889 1198 1215 1253 conquirantur3
1244 1202 1438 1242 futurum
1468 1219 1538 1243 ve—

122 1291 171 1315 ro
205 1290 311 1325 esse,
341 1273 386 1314 in
418 1291 502 1330 quo
534 1274 858 1315 vivificabuntur
889 1274 944 1324 hi,
963 1274 1006 1326 ⁵)
1040 1275 1112 1330 qui
1142 1276 1186 1316 in
1215 1278 1426 1332 praesenti
1455 1279 1537 1321 vita

123 1351 292 1392 Christo
324 1351 687 1401 commoriuntur,
725 1351 831 1393 sicut
870 1362 909 1392 et
949 1352 1050 1392 alibi
1081 1352 1180 1394 dicit
1196 1353 1240 1408 ⁶)
1271 1354 1384 1396 idem
1418 1357 1540 1412 Apo·

120 1429 273 1469 stolus:
305 1428 363 1478 „si
383 1429 424 1483 ⁷)
458 1427 569 1470 enim
601 1428 921 1479 commorimur,
942 1441 982 1470 et
999 1430 1306 1472 convivemus.“
1351 1433 1408 1473 Et
1437 1434 1536 1475 ideo

120 1504 244 1546 ctiam
274 1505 318 1545 in
347 1505 556 1560 praesenti
599 1506 696 1546 loco
740 1505 972 1546 dissimulat
1013 1507 1181 1562 exsequi
1227 1520 1267 1548 et
1302 1509 1536 1565 adimplere

118 1598 314 1624 sermone
346 1599 404 1632 ea,
439 1599 546 1638 quae
575 1599 698 1623 sensu
730 1594 770 1623 et
801 1583 1101 1638 consequentia
1126 1585 1323 1626 videntur
1345 1586 1535 1640 intelligi.

117 1658 237 1700 Alius
266 1660 444 1701 fortasse
475 1659 586 1709 dicit,
619 1658 715 1715 quia
746 1660 842 1710 hoc,
875 1661 992 1716 quod
1022 1660 1188 1702 videtur
1212 1663 1354 1704 deesse
1384 1664 1429 1704 in
1458 1665 1533 1716 his,

116 1753 225 1792 quae
253 1753 380 1792 supra
411 1736 590 1777 diximus
620 1738 853 1777 secundum
894 1737 1144 1779 elocutionis
1177 1740 1383 1792 ordinem,
1414 1744 1535 1784 tarde

115 1814 310 1870 quidem,
343 1815 417 1855 sed
447 1813 493 1854 in
520 1813 828 1869 posterioribus
859 1814 1072 1864 redditur,
1115 1815 1191 1856 ubi
1223 1817 1341 1859 dicit:
1373 1821 1533 1876 ‚,sed⁸)

113 1907 204 1932 non
234 1890 340 1933 sicut
371 1890 593 1940 delictum,
636 1891 692 1932 ita
733 1903 773 1932 et
804 1891 992 1934 donatio.
1052 1892 1097 1934 Si
1129 1893 1240 1934 enim
1271 1895 1395 1937 unius
1426 1897 1532 1939 deli-

115 1979 183 2008 cto
212 1967 373 2009 mortui
402 1980 500 2009 sunt
527 1968 663 2017 multi,
693 1970 830 2009 multo
861 1969 990 2022 magis
1023 1970 1149 2021 gratia
1180 1971 1265 2011 Dei
1296 1984 1336 2012 et
1368 1975 1530 2015 donum

114 2043 158 2084 in
176 2044 221 2099 ⁹)
250 2044 378 2097 gratia
407 2044 532 2085 unius
571 2044 754 2086 hominis
792 2047 894 2087 Jesu
936 2046 1090 2087 Christi
1131 2047 1175 2087 in
1219 2048 1362 2103 plures
1393 2051 1528 2091 abun-

115 2120 274 2162 davitz“
314 2133 354 2162 et
393 2121 535 2161 asserit
575 2138 621 2162 ex
659 2121 721 2162 his
761 2123 971 2179 completa
1004 2141 1110 2174 esse,
1139 2141 1246 2180 quae
1278 2126 1457 2169 defuisse
1486 2128 1530 2170 in

230 2287 273 2343 ¹)
304 2288 415 2329 Edd.
446 2288 641 2330 Merlini:
675 2301 715 2330 et
743 2306 821 2345 per
848 2289 1049 2349 justitiam
1079 2291 1163 2333 vita
1193 2293 1236 2334 in
1269 2311 1416 2337 omnes
1447 2298 1524 2338 ho-

110 2343 243 2386 mines
273 2345 547 2400 pertransivit.

224 2413 271 2469 ²)
303 2415 414 2455 Edd.
445 2416 640 2457 Merlini:
671 2429 785 2458 tunc.

225 2483 271 2539 3)
301 2484 416 2525 Editi
447 2488 505 2541 (v.
538 2504 570 2528 c.
602 2489 666 2528 ed.
696 2488 758 2530 M.
787 2488 863 2542 I.):
896 2486 966 2538 „in
997 2488 1182 2531 medi0.“
1229 2491 1277 2530 R.

225 2552 270 2608 ⁴)
300 2554 321 2593 Ι
354 2554 451 2596 Cor.
481 2557 577 2606 XV,
607 2559 676 2600 ⁵22.
793 2559 839 2613 ⁵)
870 2559 949 2600 Ed.
981 2560 1044 2601 M.
1076 2561 1137 2600 II:
1167 2559 1206 2600 ii.

223 2621 266 2677 ⁶)
298 2624 407 2668 Edd.
437 2626 633 2669 Merlini:
665 2628 778 2669 idem
810 2628 921 2672 dicit.
1017 2631 1060 2685 ⁷)
1090 2631 1131 2670 Π
1163 2629 1349 2671 Timoth.
1373 2631 1427 2680 II,
1458 2633 1522 2675 11.

223 2691 268 2746 8)
297 2694 422 2735 Rom.
454 2697 506 2746 V,
537 2699 601 2741 15.

222 2762 268 2817 ⁹)
298 2764 574 2808 Desideratur
612 2767 656 2809 in
692 2769 809 2811 libris
850 2782 971 2812 antea
1014 2769 1132 2812 editis
1173 2771 1229 2826 (e.
1274 2788 1308 2814 e.
1344 2771 1386 2813 in
1428 2773 1520 2818 edd.

107 2818 215 2874 M.:)
247 2819 357 2870 ,‚in.“
387 2822 437 2863 R.
