1788 3111
481 92 922 136 Commnn'mmonum
950 93 1040 136 Lm.
1069 92 1141 135 lv.
1431 95 1520 139 265

112 208 166 250 rit
193 206 386 264 patrem?
456 206 589 261 Quod
631 205 663 248 si
707 205 859 262 aliquis
887 207 969 248 hoc
1000 207 1054 247 ad
1082 206 1268 249 Ismaelis
1298 207 1520 263 posterita-

110 296 197 326 tem
225 283 407 325 voluerit
435 285 500 326 vel
543 284 721 325 Ceturae
764 294 1030 333 convertere,
1078 283 1261 324 occurrit
1300 284 1360 335 ei,
1406 286 1524 341 quod

111 361 314 417 scriptum
354 373 433 404 est:
475 361 571 417 quia
613 359 1006 415 ‚‚benedicentur¹)
1043 360 1088 401 in
1129 373 1170 402 te
1214 378 1359 403 omnes
1388 362 1523 403 tribus

111 444 286 481 terrae.“
362 439 456 480 Hoc
517 438 641 479 etiam
679 437 723 478 in
766 437 979 491 evangelio
1034 437 1286 494 Joanne's2)
1331 438 1524 480 dicebat:

111 514 296 571 „quia³)
326 527 475 571 potens
506 526 566 555 est
596 514 715 554 Deus
747 515 800 555 de
830 514 1040 571 lapidibus
1070 514 1156 556 istis
1188 515 1385 556 suscitare
1414 516 1526 557 filios

112 592 399 633 Ah1-al1am0.“
461 591 639 633 Addidit
668 603 808 632 autem
862 592 907 632 in
951 592 1327 648 subsequentibus:
1366 592 1526 648 ‚,qui4)

112 668 290 710 viVificat
318 681 532 718 mortuos,
572 680 612 710 et
641 681 764 710 vocat
795 686 864 719 ea,
905 686 1013 726 quae
1050 686 1140 710 non
1169 680 1287 720 sunt,
1323 681 1528 725 tanquam

115 761 174 794 ea,
207 762 314 800 quae
342 751 477 787 sunt.“
534 747 734 788 Mortuos
759 747 826 788 hic
857 748 1089 789 seeundum
1117 745 1282 787 animae
1307 757 1529 802 peecatum

113 820 396 876 intelligimus,
428 823 632 880 quoniam
662 823 842 874 ‚,anima,
871 824 1021 880 inquit,
1044 825 1088 880 ⁵)
1119 840 1226 880 quae
1243 835 1404 879 peccat,
1433 839 1529 864 mo-

112 897 282 940 rietur.“
339 899 457 942 Sicut
495 901 607 942 enim
645 901 690 942 in
719 913 858 943 morte
897 901 1110 957 corporali
1148 912 1330 957 pereunt
1375 917 1532 950 sensus,

109 986 158 1015 ut
178 974 223 1032 6)
253 992 308 1018 ne
339 977 430 1033 quis
458 979 569 1020 ultra
598 995 676 1034 per
701 995 881 1035 corpus,
909 995 1050 1034 neque
1078 978 1284 1027 auditum,
1313 994 1452 1033 neque
1484 995 1531 1018 o-

111 1053 275 1103 dorem,
305 1067 379 1095 aut
408 1067 574 1109 gustum
604 1055 789 1112 recipiat,
806 1056 852 1113 ⁷)
881 1057 947 1098 vel
976 1067 1160 1096 tactum:
1188 1055 1248 1096 ita
1279 1066 1320 1096 et
1345 1054 1419 1110 qui
1448 1054 1532 1110 spi-

113 1129 285 1171 rituales
313 1147 456 1174 sensus
486 1132 529 1173 in
562 1133 700 1174 anima
729 1132 975 1189 perdiderit,
1013 1144 1061 1174 ut
1089 1149 1180 1173 non
1210 1131 1348 1172 videat
1377 1132 1534 1180 Deum,

114 1223 254 1262 neque
285 1208 427 1249 audiat
455 1210 632 1250 verbum
662 1210 771 1259 Dei,
808 1226 948 1266 neque
979 1227 1149 1251 suavem
1188 1210 1367 1250 odorem
1398 1208 1535 1264 capiat

123 1283 290 1333 Christi,
320 1302 459 1340 neque
489 1288 684 1342 gustetss)
743 1287 908 1327 bonum
938 1286 1022 1327 Dei
1060 1288 1251 1336 verbum,
1280 1302 1422 1341 neque
1445 1302 1534 1326 ma-

119 1378 199 1402 nus
231 1361 318 1419 ejus
348 1374 605 1418 pertractent
621 1363 667 1418 9)
708 1365 760 1404 de
789 1365 920 1404 verbo
953 1363 1078 1414 vitae,
1119 1362 1366 1419 hujusmodi
1396 1362 1535 1404 homi-

117 1456 190 1480 nes
221 1439 372 1480 merito
403 1439 562 1481 mortui
592 1440 870 1495 appellantur.
932 1440 1057 1481 Tales
1081 1438 1241 1480 invenit
1270 1456 1348 1480 nos
1379 1440 1537 1480 adven-

118 1528 185 1557 tus
220 1515 388 1565 Christi,
417 1517 491 1557 sed
521 1515 740 1557 vivificavit
768 1534 845 1572 per
868 1515 1042 1569 gratiam
1068 1533 1200 1565 suam,
1230 1517 1336 1558 sicut
1367 1529 1408 1557 et
1436 1516 1538 1558 alibi

121 1592 222 1634 dicit
241 1592 355 1633 idem
377 1594 628 1648 Apostolus:
660 1605 728 1643 „et
746 1594 755 1617 ¹
770 1594 814 1648 ⁰)
844 1611 923 1635 nos
946 1611 1042 1635 cum
1072 1593 1232 1634 mortui
1251 1610 1432 1635 essemus
1463 1595 1537 1635 de-

121 1669 228 1711 lictis
262 1681 303 1711 et
336 1669 517 1726 peccatis
542 1670 715 1720 nostris,
745 1669 870 1711 simul
904 1688 1001 1711 eum
1030 1670 1106 1712 illo
1137 1670 1393 1711 resuscitavit
1421 1677 1540 1712 nos.“

119 1747 194 1788 Vis
217 1758 356 1788 autem
379 1747 455 1788 tibi
487 1759 527 1788 et
555 1749 607 1788 de
629 1747 857 1803 Scripturis
875 1747 1132 1803 propheticis
1161 1746 1402 1803 approbari,
1423 1748 1542 1802 quod

124 1841 282 1876 omnes,
313 1825 386 1881 qui
413 1824 530 1866 idola
560 1825 720 1875 colunt,
752 1836 792 1867 et
822 1825 1046 1866 confidunt
1064 1825 1107 1866 in
1129 1824 1192 1878 iis,
1221 1824 1382 1866 mortui
1411 1824 1540 1867 sunt?

125 1944 309 1952 -..--.-.

240 1999 286 2054 ¹)
319 2000 468 2041 Genes.
498 1999 597 2048 ΧΠ,
633 2000 672 2041 3.

245 2068 292 2123 2)
330 2065 399 2111 Sic
437 2068 546 2109 ‘Msc.
595 2085 717 2109 unus.
757 2068 923 2109 Caeteri
962 2085 1060 2109 vero
1103 2069 1204 2109 BIss.
1245 2079 1285 2108 ct
1325 2068 1544 2110 Salodiani

127 2125 256 2167 editio
288 2125 467 2166 habent:
498 2123 738 2174 „Dominus
779 2124 982 2166 dicebat.“
1011 2124 1244 2174 thlinus,
1272 2125 1474 2168 Erasmus
1504 2136 1544 2166 et

130 2181 454 2224 Genebrardus:
486 2180 691 2235 „baptista
723 2179 929 2221 dicebat.“
958 2181 1009 2221 R.

243 2251 289 2306 3)
319 2251 471 2292 Matth.
501 2250 570 2299 Ill,
600 2250 639 2292 9.
756 2249 802 2305 4)
832 2250 956 2292 Rom.
987 2250 1060 2299 IV,
1092 2251 1157 2293 17.

245 2321 290 2377 ⁵)
320 2321 473 2361 Ezech.
503 2320 664 2369 XVIII,
693 2320 732 2361 4.
760 2322 827 2363 20.

246 2391 293 2445 6)
325 2389 394 2432 Sic
435 2390 648 2431 Rabanus.
716 2390 817 2431 B'Iss.
855 2407 954 2431 vero
998 2389 1152 2431 nostri:
1193 2406 1298 2439 „nec
1339 2389 1430 2445 quis
1467 2391 1545 2444 (al.

131 2457 176 2488 et:
208 2462 289 2487 nec
322 2447 442 2501 quis,
476 2447 526 2487 al.
558 2456 602 2485 ec
633 2460 714 2485 nec
747 2446 883 2502 quid)
929 2447 1038 2487 ultra
1077 2463 1155 2502 per
1189 2463 1342 2501 corpus
1372 2446 1546 2501 recipit“

132 2515 208 2544 etc.
265 2501 382 2543 Editi
423 2502 481 2557 (v.
522 2519 555 2545 c,
597 2502 690 2542 edd.
729 2502 815 2558 M)
855 2502 1066 2544 similiter:
1098 2514 1166 2552 „et
1195 2519 1272 2543 nec
1305 2501 1442 2557 quis·‚“
1472 2504 1545 2543 de-

130 2560 231 2600 inde
262 2558 462 2599 omittunt
489 2564 619 2613 ‚‚per“
648 2569 744 2599 ante
767 2565 988 2615 ,‚corpus,“
1018 2571 1058 2600 et
1083 2560 1240 2600 habent
1265 2560 1546 2608 ‚,odoratum“

133 2629 211 2670 pro
242 2616 489 2664 „odorem.“
518 2616 571 2656 R.

247 2683 294 2738 ⁷)
323 2685 435 2726 Edd.
463 2683 650 2733 Merfini,
682 2686 755 2726 cfr.
786 2699 878 2738 pag.
911 2683 995 2740 huj.
1026 2696 1115 2725 not.
1140 2686 1180 2727 6.
1210 2682 1422 2739 ‚,recipit.“

249 2752 295 2807 ⁸)
328 2754 458 2794 Hebr.
487 2754 561 2803 VI,
590 2755 630 2796 5.
764 2752 809 2808 ⁰)
840 2754 859 2794 I
889 2754 1044 2796 Joann.
1074 2754 1107 2803 I,
1138 2753 1176 2796 1.

228 2822 298 2877 ¹⁰)
326 2821 478 2878 Ephes.
508 2825 562 2874 Π,
592 2824 630 2865 5.
