1788 3111
519 105 962 148 COMMENTARJORUM
992 103 1082 147 Lm.
1115 104 1186 145 ΙΙΙ.
1488 105 1573 149 195

142 219 345 273 autcm¹)
374 235 465 259 non
494 231 592 261 sunt
621 219 808 259 mundae
839 233 985 257 coram
1016 215 1108 271 ipso
1124 220 1163 257 :“
1197 232 1304 272 quac
1326 215 1475 273 utique
1495 233 1568 260 co-

141 313 231 337 ram
254 295 380 337 nobis
404 295 652 351 mundae²)
677 306 788 344 sunt,
819 294 901 335 hoc
925 305 997 344 est,
1023 294 1078 334 ad
1103 292 1469 349 comparationem
1493 294 1575 334 ho-

140 373 306 414 minum
337 375 523 414 mundae
564 373 776 413 habentur
824 383 864 412 et
894 382 1083 420 sanctae,
1115 371 1167 411 ad
1201 369 1570 425 comparationem

141 467 240 491 vero
272 450 357 491 Dei
386 451 572 490 mundae
603 465 689 490 esse
719 465 809 489 non
839 460 1028 504 possunt,
1088 447 1259 502 „Per³)
1291 447 1425 499 legem
1458 446 1570 488 enim

141 527 297 579 agnitio
313 527 353 582 ⁴)
391 525 590 582 peccati.“
654 525 910 575 Videamus,
958 526 1180 580 quomodo
1236 540 1314 579 per
1352 523 1486 575 legem
1527 524 1574 564 fit

142 603 297 656 agnitio
317 604 361 660 5’)
390 602 562 658 peccati.
620 603 740 644 Dum
777 620 855 659 per
884 603 1019 655 legem
1051 601 1275 649 discimus,
1309 599 1414 655 quid
1444 616 1571 652 agen-

143 683 255 724 dum,
278 680 350 731 sit,
383 680 486 736 quid
517 681 777 730 cavendum,
807 680 932 721 simul
965 691 1005 720 et
1037 679 1139 735 quid
1170 688 1395 735 peccatum
1426 676 1500 726 sit,
1532 688 1573 717 et

143 757 245 814 quid
276 774 366 798 non
395 757 459 806 sit,
492 757 768 810 agnoscimus.
829 758 929 798 Non
970 772 1083 809 ergo,
1114 768 1163 797 ut
1193 752 1394 796 haeretici
1426 754 1573 794 Deum

139 834 240 888 legis
280 846 498 884 accusant,
548 835 660 875 mala
692 833 809 875 radix
850 844 911 874 est
950 833 1037 883 lex,
1082 845 1123 874 et
1161 833 1273 873 mala
1314 832 1456 880 arbor,
1494 847 1574 887 per

142 928 270 967 quam
299 912 462 967 peccati
483 911 596 953 venit
615 910 797 965 agnitio:
831 909 929 967 quia
954 927 1045 950 non
1072 909 1194 951 dixit:
1229 926 1277 950 ex
1304 909 1396 961 lege
1425 907 1571 960 „agni-

138 988 260 1045 tio⁶)
289 988 493 1044 peccati,“
522 990 617 1030 sed:
648 1004 752 1044 „per
782 988 919 1041 legem
932 993 969 1028 :“
999 998 1047 1027 ut
1069 987 1185 1036 scias,
1216 1002 1307 1026 non
1339 1001 1388 1026 ex
1406 984 1451 1039 7)
1480 983 1572 1039 ipsa

142 1078 297 1116 ortum,
328 1068 403 1108 sed
433 1083 512 1122 per
541 1065 678 1122 ipsam
711 1064 901 1118 agnitum
934 1080 1022 1105 esse
1050 1074 1287 1119 peccatum.
1345 1061 1421 1111 Ut,
1454 1060 1574 1102 verbi

140 1143 296 1196 gratia,
328 1143 363 1185 si
393 1144 652 1185 diceremus:
692 1159 771 1197 per
801 1153 934 1182 artem
965 1140 1202 1181 medicinae
1234 1141 1360 1180 datur
1388 1139 1569 1191 languo-

141 1220 196 1261 ris
214 1220 260 1276 Θ)
292 1220 476 1273 agnitio,
506 1237 612 1260 num
644 1219 848 1275 quidnam
885 1216 1161 1270 videretur9)
1200 1216 1280 1257 tibi
1323 1232 1446 1257 causa
1477 1216 1570 1256 lan-

141 1296 284 1349 guoris
327 1314 414 1338 esse
448 1295 682 1346 medicina,
724 1294 821 1351 quia
867 1311 945 1350 per
974 1293 1107 1349 ipsam
1143 1293 1324 1351 qualitas.
1353 1291 1571 1344 languoris

143 1372 416 1426 agnoscitur?
486 1374 573 1416 Sed
625 1372 732 1414 sicut
778 1382 943 1412 constat
986 1371 1148 1411 bonam
1181 1386 1268 1411 esse
1299 1369 1571 1418 medicinam,

143 1465 252 1504 quae
282 1449 553 1502 aegritudinis
592 1448 914 1502 intelligentiam
943 1458 1149 1503 praestat,
1191 1463 1274 1502 qua
1302 1446 1437 1502 possit
1466 1446 1570 1487 vita-

141 1525 178 1566 ri
199 1525 268 1581 ¹⁰)
300 1526 544 1577 infirmitas,
584 1526 640 1567 ita
674 1537 713 1566 et
760 1525 826 1566 lex
855 1526 972 1565 bona
1004 1535 1088 1573 est,
1127 1539 1206 1578 per
1247 1540 1376 1579 quam
1417 1524 1569 1578 deprc-

140 1601 344 1642 henditur
378 1613 419 1642 et
448 1602 688 1654 agnoscitur
716 1613 953 1657 peccatum.
1000 1601 1149 1642 Servat
1179 1612 1332 1649 autem,
1371 1611 1420 1640 ut
1448 1612 1571 1655 puto,

140 1678 390 1736 hujusmodi
422 1664 627 1735 expositio
661 1678 786 1719 etiarn
816 1677 929 1718 illius
962 1675 1269 1732 explanationis
1301 1692 1568 1732 consequen-

139 1756 262 1807 tiam,
304 1773 432 1813 quam
472 1774 599 1813 supra
642 1755 852 1798 edidimus
885 1756 938 1795 de
969 1771 1043 1805 eo,
1085 1755 1204 1810 quod
1241 1752 1447 1808 scriptum
1488 1764 1568 1794 est:

260 1904 305 1958 ¹)
334 1903 614 1945 Desideratur
629 1902 673 1943 in
701 1901 821 1943 editis
846 1900 905 1958 (e.
929 1918 962 1941 c.
978 1899 1023 1940 in
1040 1922 1054 1941 t
1070 1901 1139 1942 dd.
1154 1899 1263 1955 M.>:
1295 1905 1503 1951 ‚,autem.“
1521 1899 1571 1939 R·

259 1974 306 2030 2)
337 1975 419 2016 Sic.
448 1975 550 2015 Mss.
582 1985 623 2014 et
650 1973 865 2013 Rabanus.
895 1970 1012 2012 Editi
1045 1988 1145 2012 vero
1177 1971 1235 2025 (e.
1267 1987 1300 2010 c.
1333 1971 1429 2010 edd.
1460 1969 1568 2023 M.)

140 2047 279 2085 „quae
316 2030 464 2085 utique
505 2046 649 2070 coram
687 2029 813 2068 nobis
862 2029 1054 2068 mundae
1095 2028 1311 2067 habentur
1349 2042 1471 2075 sane,
1516 2026 1569 2066 ad

143 2086 508 2142 comparationem
537 2102 637 2126 vero
669 2084 781 2125 Dei“
812 2095 888 2125 etc.
919 2084 971 2124 R.

258 2155 306 2210 ³)
335 2157 462 2197 Rom.
493 2155 569 2204 Ill,
598 2156 664 2197 20.

259 2225 304 2282 4)
334 2227 456 2276 Edd,
492 2224 668 2267 Merlini
697 2225 779 2266 hoc
811 2239 984 2279 quoque
1014 2223 1135 2273 loco,
1175 2223 1250 2263 cfr.
1282 2238 1324 2277 p.
1356 2221 1450 2266 189.
1480 2232 1568 2263 not.

141 2283 194 2334 6.,
225 2284 446 2340 cognicio.

257 2352 300 2409 ⁵)
331 2353 444 2393 Edd.
481 2351 543 2392 M.
575 2351 659 2391 hoc
687 2350 786 2390 loco
829 2361 871 2390 et
900 2365 1035 2405 seqq.,
1081 2350 1154 2391 cfr.
1198 2364 1240 2404 p.
1272 2345 1360 2404 huj.
1389 2358 1480 2390 not.
1516 2347 1569 2397 4.,

141 2422 189 2451 ut
215 2409 261 2450 in
290 2420 407 2450 textu
435 2420 598 2456 nostro,
630 2407 827 2463 agnitio.

257 2479 305 2535 6)
334 2480 463 2528 Rom,
493 2477 569 2526 Ill,
598 2479 666 2519 20.
698 2477 796 2518 coll.
822 2492 863 2531 p.
896 2474 983 2533 huj.
1012 2485 1101 2515 not.
1132 2475 1172 2517 5.

261 2549 307 2604 ⁷)
336 2549 448 2590 Edd.
479 2547 676 2589 Merlini:
707 2562 824 2598 „non
851 2562 929 2601 per
957 2545 1094 2600 ipsam
1125 2550 1309 2586 ortum.“

258 2611 305 2674 ⁸)
335 2620 446 2662 Edd.
474 2616 670 2660 B'Ierlini:
703 2615 862 2669 agnitio
896 2615 1125 2669 languoris.

258 2687 304 2741 ⁹)
335 2689 446 2730 Edd.
475 2687 670 2729 Merlini:
703 2685 932 2729 videbitur.

234 2757 304 2808 ¹⁰)
335 2758 398 2799 Ita
426 2759 533 2799 Msc.
561 2775 684 2798 unus.
715 2756 832 2798 Editi
861 2770 962 2796 vero
994 2754 1054 2810 (e.
1079 2771 1113 2795 c.
1145 2753 1241 2795 edd.
1271 2752 1372 2805 M),
1405 2763 1445 2793 et
1474 2767 1568 2792 cae-

143 2812 222 2854 teri
251 2813 377 2856 Mss.:
408 2814 564 2865 „vitare
596 2830 704 2870 quae
732 2812 854 2855 velit:
884 2812 968 2854 ita“
1001 2822 1077 2852 etc.
1107 2811 1159 2853 R.

1117 2880 1212 2923 13*
