1788 3111
215 119 303 163 336
555 111 778 155 Onmmus
805 121 853 152 m
883 107 961 152 Ep,
989 118 1050 150 An
1082 107 1308 159 ROMANos

217 229 356 273 bracis
389 227 452 278 sit,
483 237 523 268 et
553 237 701 268 octava
732 223 802 266 die
833 221 1104 264 circumcisus
1130 221 1270 263 statim
1300 236 1323 261 a
1354 218 1569 261 nativitate
1599 219 1643 260 in

217 307 351 350 Mosis
380 305 481 356 legis
511 301 778 345 observantia
795 297 951 342 suerit?
984 298 1069 340 Sed
1089 310 1252 340 constat
1277 314 1374 340 eum
1397 298 1644 354 aliquando,

217 388 304 428 hoc
335 396 406 435 est,
434 383 480 424 in
510 379 666 437 puerili
697 389 854 428 aetate,
884 388 1110 433 antequam
1151 376 1325 418 rationis
1358 392 1488 431 capax
1514 377 1645 424 fieret,

217 464 306 507 sinc
336 458 519 503 naturali
549 460 642 510 lege
671 455 827 498 vixisse.
885 455 1093 496 Nondum
1126 454 1238 495 enim
1272 452 1309 495 ei
1338 452 1383 494 in
1406 453 1477 494 illa
1510 463 1645 494 aetate

217 543 355 584 inerat
384 536 480 596 justi
508 533 738 592 injustique
767 531 1006 582 distinctio,
1043 548 1123 573 nec
1161 532 1265 574 recti
1293 530 1498 587 pravique
1524 541 1646 587 pate-

216 622 290 661 bat
320 632 509 658 examen.
570 612 705 666 Quod
737 611 789 651 de
817 610 1001 651 naturali
1035 610 1126 661 lege
1168 609 1252 651 dici
1295 607 1340 649 in
1372 608 1644 663 sequentibus

218 697 435 739 evidenter
465 689 662 740 ostendit,
708 704 804 729 cum
848 687 968 728 dicit:
1008 685 1170 741 „sed¹)
1209 686 1284 727 ubi
1321 685 1435 727 venit
1463 685 1644 726 manda-

216 774 319 823 tust),
358 781 584 828 peccatum
624 765 793 808 revixit:
833 780 909 817 ego
951 777 1091 825 autem
1130 776 1324 806 mortuus
1362 768 1494 806 sum.“
1561 760 1646 801 Per

218 852 337 908 quod
378 847 585 896 declarat,
623 845 737 886 illius
786 843 927 885 aetatis
967 853 1141 899 peccata
1181 842 1306 884 fuisse
1332 840 1528 896 quidem,
1569 838 1643 881 sed

216 939 388 970 mortua
418 924 583 973 habita,
622 923 719 978 quia
757 938 847 962 non
878 921 1189 976 reputabantur
1228 920 1282 962 ad
1315 920 1496 974 culpam.
1554 914 1645 957 Ubi

215 1023 317 1049 vero
351 999 546 1058 coepi,²)
576 998 727 1055 inquit,
756 997 863 1040 scire
894 998 997 1052 quid
1024 999 1235 1049 agendum
1266 997 1330 1047 sit,
1361 996 1465 1051 quid
1493 1010 1644 1035 caven-

217 1086 321 1126 dum
354 1093 393 1122 et
412 1078 458 1136 3)
492 1078 733 1126 vitandum,
773 1087 812 1116 et
849 1077 1100 1116 mandatum
1132 1075 1232 1126 legis
1261 1073 1370 1115 intra
1401 1089 1472 1114 me
1500 1072 1643 1123 vigen-

215 1163 265 1204 tis
296 1159 503 1215 accipere,
531 1166 634 1196 tunc
663 1154 709 1195 in
739 1169 810 1193 me
838 1152 983 1194 revixit
1009 1163 1248 1206 peccatum,
1279 1152 1397 1206 quod
1419 1150 1537 1205 prius
1565 1165 1645 1204 per

216 1237 447 1282 absentiam
492 1231 591 1284 legis
620 1242 839 1272 mortuum
883 1229 1129 1278 videbatur,
1175 1239 1215 1268 et
1257 1221 1447 1282 „ego-st)
1493 1225 1644 1281 inquit,

214 1326 410 1359 mortuus
441 1313 584 1353 sum:“
617 1308 760 1363 coepit
790 1308 901 1349 enim
944 1305 1030 1363 jam
1051 1304 1095 1362 ⁵)
1136 1305 1245 1347 mihi
1274 1302 1460 1361 reputari
1490 1319 1645 1359 pecca-

214 1408 320 1437 tum.
379 1391 465 1433 Sed
496 1389 602 1429 haec
631 1385 838 1428 Basilides
876 1400 966 1425 non
1008 1384 1227 1424 advertens
1258 1384 1311 1423 de
1340 1383 1432 1435 lege
1461 1379 1645 1423 naturali

217 1474 374 1516 debere
401 1463 599 1517 intelligi,
637 1465 691 1505 ad
726 1461 890 1517 ineptas
932 1472 971 1502 et
1004 1460 1157 1517 impias
1197 1460 1364 1502 fabulas
1398 1470 1643 1503 sermonem

215 1546 519 1607 Apost0¹=icum
550 1540 684 1590 traxit,
717 1551 755 1581 et
771 1537 816 1594 ⁶)
847 1537 891 1579 in
922 1533 1371 1595 μετενσωματώσεως
1400 1539 1568 1590 dogma,
1597 1536 1644 1579 id

216 1641 288 1678 cst,
317 1626 437 1683 quod
468 1622 634 1664 animae
663 1618 707 1660 in
739 1618 819 1659 alia
851 1628 976 1672 atque
1007 1617 1088 1657 alia
1128 1632 1316 1671 corpora
1342 1616 1643 1657 transfundan-

215 1720 298 1754 tur,
338 1720 385 1745 ex
435 1701 520 1741 hoc
568 1696 770 1753 Apostoli
809 1695 924 1736 dicto
968 1705 1149 1735 conatur
1194 1694 1422 1735 adstruere.
1497 1690 1644 1742 „Dixit

218 1783 356 1830 enim,
384 1776 534 1834 inquit,
565 1773 821 1830 Apostolus,
853 1770 953 1827 quia
983 1786 1122 1823 „‚‚eg0
1142 1769 1182 1824 ⁷)
1213 1769 1405 1812 vivebam
1433 1769 1522 1811 sine
1552 1768 1643 1819 lege

216 1858 532 1915 aliquando:““
563 1853 648 1893 hoc
680 1861 751 1899 est,
785 1860 1011 1904 antequam
1042 1847 1088 1888 in
1120 1848 1231 1889 istud
1256 1864 1412 1903 corpus
1441 1845 1642 1894 venirem,

214 1935 321 1991 ins)
355 1951 401 1975 ea
435 1930 577 1988 specie
621 1927 817 1984 corporis
857 1923 964 1976 vixi,
1007 1940 1116 1981 quae
1150 1925 1230 1966 sub
1266 1924 1358 1977 lege
1393 1939 1485 1964 non
1527 1932 1642 1970 esset,

334 2146 379 2202 ¹)
408 2143 536 2184 Rom.
564 2140 659 2190 VII,
689 2139 727 2183 9.
759 2140 825 2183 10.

329 2217 377 2272 2)
408 2214 519 2256 Edd.
548 2209 749 2253 Merlini:
777 2209 866 2250 Ubi
896 2224 1009 2257 vero,
1037 2206 1188 2262 inquit,
1220 2205 1344 2261 coepi
1372 2203 1480 2247 scire
1511 2215 1585 2246 etc.

331 2287 378 2342 3)
410 2283 680 2326 Omittuntur
720 2281 765 2323 in
806 2279 927 2322 editis
964 2281 1024 2335 (v.
1066 2294 1100 2319 c.
1140 2276 1186 2318 in
1226 2277 1321 2318 edd.
1367 2274 1453 2330 M.)
1491 2275 1639 2315 verba:

215 2358 281 2399 „et
309 2343 571 2387 vitandum‚“
604 2339 653 2378 R.

331 2414 378 2468 ⁴²)
408 2413 534 2453 Rom.
563 2409 659 2458 VH,
688 2409 756 2450 10.

333 2483 378 2538 ⁵)
408 2482 519 2522 Edd.
551 2479 748 2520 Merlini:
779 2477 884 2518 mihi
915 2475 999 2533 jam
1031 2474 1219 2530 reputari
1250 2484 1324 2515 etc.

332 2553 378 2609 ⁶)
408 2552 478 2593 Sic
509 2550 607 2590 Μεε.
646 2548 792 2589 nostri.
852 2547 966 2588 Editi
1004 2562 1103 2586 vcro
1149 2545 1209 2599 (v,
1240 2562 1273 2583 c.
1307 2543 1400 2584 cdd.
1433 2540 1539 2597 M.):
1570 2541 1639 2590 „iu

214 2608 545 2670 Pythagoricum
589 2607 791 2656 d‹›gma‚“
834 2603 990 2644 omisso
1036 2607 1155 2651 „et.“
1231 2600 1414 2641 Codices
1465 2597 1639 2654 quidam

215 2682 441 2725 perperam
474 2663 650 2704 habent:
683 2673 748 2710 „ct
776 2660 816 2701 in
838 2663 1013 2712 αἰητὲυς
1039 2660 1273 2706 αῗατοσέος
1301 2657 1523 2712 (accurate
1542 2656 1639 2696 red-

218 2726 308 2768 didi
339 2720 471 2763 Ruaei
502 2719 654 2770 verba)
686 2719 908 2769 „dogma.“
941 2716 989 2757 R.

335 2793 380 2847 ⁷)
410 2791 538 2831 Rom·
570 2790 663 2840 VH,
694 2790 733 2839 9,

331 2863 378 2917 8)
412 2861 522 2903 Editi
565 2861 623 2915 (v.
656 2873 688 2903 c.
721 2860 816 2901 cdd.
848 2857 953 2913 M.):
984 2856 1053 2909 „in
1086 2872 1176 2898 cam
1207 2854 1430 2910 speciem.“
1463 2850 1510 2891 R.
