1788 3111
531 134 971 185 Co'MMENTAmonUM
1000 143 1090 185 Lm.
1123 144 1152 187 I.
1493 148 1548 193 21

131 254 240 308 tis¹)
270 254 314 295 in
346 271 484 306 carne,
512 254 620 296 SIcut
639 254 869 310 Apostolus
900 255 1014 306 dicit,
1045 255 1141 312 quia
1175 257 1486 306 „manifestatus
1502 257 1548 314 ²)

134 343 192 373 est
220 332 263 373 in
297 348 443 381 carne,
471 331 715 389 justificatus
743 331 789 372 in
817 331 981 387 spiritu,
1011 333 1209 387 apparuit
1238 335 1432 386 angelis,“
1462 335 1547 376 hoe

134 410 252 464 quod
292 408 489 464 apparuit
525 408 700 459 angelis,
741 425 831 449 non
870 408 917 450 iis
957 410 1115 464 absque
1144 410 1374 462 Evangelio
1415 428 1547 467 appa-

133 484 298 541 ruit:³>
327 486 434 527 sicut
463 501 517 525 ne
545 484 671 526 nobis
702 485 874 539 quidem
906 486 1172 536 hominibus,
1215 490 1267 530 ad
1300 505 1407 543 quos
1445 489 1546 529 mis-

131 579 224 603 sum
255 578 298 604 56
328 563 429 604 dicit
462 561 769 614 „evangelizare
785 561 830 618 4)
859 562 1139 618 pauperibuS,
1171 564 1381 606 dimittere
1411 566 1545 621 capti—

132 656 203 679 vos
233 640 277 680 iu
307 639 620 688 remissionem,
661 651 701 680 et
738 640 991 682 annuntiare
1023 657 1183 682 annum
1213 641 1393 683 Domini
1425 659 1543 683 acce—

128 720 289 770 ptum.“
347 715 393 756 Si
423 732 521 767 ergo
555 733 651 757 cum
690 716 888 772 apparuit
924 717 1112 772 nobis⁵)
1151 718 1418 768 hominibus,
1451 736 1542 760 non

127 792 217 833 sine
243 791 474 844 Evangelio
516 793 735 849 apparuit,
775 794 1074 848 consequentia
1112 795 1277 837 videtur
1308 797 1542 845 ostendere,

127 871 246 923 quod
277 870 400 911 etiam
430 871 620 922 angelico
655 869 795 911 ordini
824 887 914 911 non
945 871 1035 912 sine
1065 872 1298 924 Evangelio
1333 890 1541 929 apparue—

125 945 190 996 rit,
217 945 293 988 illo
323 947 520 997 fortassis,
551 950 669 1007 quod
701 959 916 989 aeternum
937 947 982 1004 6)
1012 949 1288 1000 Evangelium
1321 968 1343 991 a
1371 951 1542 991 Joanne

123 1034 408 1063 memoratum
436 1041 565 1080 supra
596 1024 858 1066 edocuimus.
916 1025 962 1066 Si
1001 1043 1100 1067 vero
1132 1027 1255 1068 etiam
1293 1027 1337 1067 in
1370 1026 1540 1081 reliquis

125 1098 374 1140 coelestibus
415 1102 637 1142 ordinibus
678 1103 761 1142 tale
800 1101 961 1157 aliquid
985 1102 1028 1158 ⁷)
1070 1105 1124 1144 ab
1167 1120 1217 1145 eo
1257 1115 1414 1154 gestum
1454 1118 1540 1143 esse

123 1174 425 1230 suspicandum
462 1178 534 1228 sit,
571 1178 617 1219 in
660 1195 728 1227 ea,
771 1194 853 1233 qua
890 1178 1042 1230 singuli
1073 1180 1230 1236 quique
1265 1191 1363 1222 sunt
1398 1180 1537 1220 forma

124 1252 392 1309 apparenss)
429 1253 502 1305 iis,
542 1267 582 1295 ct
612 1255 866 1297 annuntians
903 1272 1077 1312 pacem,
1115 1257 1320 1313 quoniam
1362 1256 1536 1313 quidem

124 1344 227 1383 „per
241 1328 286 1384 ⁹)
315 1331 563 1381 sanguinem
597 1331 731 1372 crucis
762 1348 862 1373 suae
886 1333 1121 1388 pacificavit
1137 1351 1227 1375 non
1243 1335 1398 1384 solum,
1428 1350 1539 1389 quac

123 1406 169 1447 in
196 1418 329 1457 terra,
365 1409 439 1449 sed
478 1406 604 1462 et¹⁰)
643 1424 750 1462 quae
780 1408 822 1449 in
857 1409 984 1449 coelis
1013 1415 1145 1458 sunt,“
1189 1410 1310 1451 etiam
1344 1423 1389 1451 tu
1421 1411 1536 1465 apud

124 1494 253 1524 temet
281 1484 419 1539 ipsum
452 1483 661 1525 discutito.
709 1484 868 1538 „Quod
889 1485 899 1507 ¹
917 1484 959 1537 ¹)
989 1486 1186 1540 promisit
1201 1501 1279 1541 per
1304 1487 1534 1542 prophetas

123 1577 222 1601 suos
261 1559 306 1600 in
337 1559 567 1616 Scripturis
595 1561 787 1603 sanctis.“
861 1561 984 1616 Quae
1022 1563 1075 1602 de
1107 1562 1275 1604 Christo
1317 1563 1533 1617 praedicta

121 1648 219 1677 sunt
253 1652 331 1692 per
365 1638 618 1692 prophetas,
656 1638 761 1679 haec
803 1637 927 1680 etiam
968 1640 1020 1680 de
1049 1639 1280 1690 Evangelio
1318 1639 1535 1695 praedicta

123 1730 208 1755 esse
235 1713 502 1755 sentiendum
547 1726 624 1764 est,
664 1714 852 1770 quamvis
884 1714 1058 1757 B‘Iarcus
1095 1715 1357 1766 Evangelista
1388 1714 1534 1755 distin-

121 1792 308 1833 ctionem
344 1793 485 1833 facere
522 1791 713 1833 videatur
743 1790 899 1833 Christi
938 1804 977 1833 et
1006 1791 1244 1843 Evangelii,
1283 1807 1380 1832 cum
1409 1790 1533 1832 dicit:

119 1868 309 1925 ‚‚qui¹²)
350 1867 553 1909 dimiserit
591 1879 755 1924 patrem
790 1880 829 1910 et
857 1874 1076 1918 matrem,“
1107 1880 1181 1910 etc.
1218 1880 1424 1923 „propter
1452 1883 1533 1916 me,

119 1947 182 1986 vel
213 1957 393 2001 propter
420 1943 739 1997 Evangelium.“
799 1944 931 2000 Quod
963 1956 1002 1986 et
1039 1945 1074 1987 si
1112 1944 1289 2001 proprie
1317 1943 1533 1995 Evangelii

237 2079 280 2134 ι)
311 2078 528 2130 Msc.Reg.
541 2097 658 2123 num.
674 2080 796 2124 1639.
816 2080 1085 2121 etRabnnus:
1103 2078 1288 2134 „positus
1307 2078 1351 2118 in
1367 2081 1530 2118 carne.“

121 2135 286 2177 Caeteri
313 2134 413 2176 Mss.
445 2147 484 2175 ct
515 2136 615 2176 editi
645 2136 704 2191 (e.
738 2154 771 2178 c.
802 2138 896 2177 cdd.
927 2136 1011 2190 Μ.)
1042 2147 1088 2176 ut
1114 2137 1160 2176 in
1191 2146 1314 2174 textu.
1360 2134 1408 2174 R.

230 2203 279 2258 2)
307 2204 326 2243 Ι
357 2203 466 2246 Tim.
497 2204 570 2254 III,
603 2205 668 2249 16.
787 2205 832 2261 3)
861 2204 1070 2256 Legerim:
1100 2203 1356 2260 apparuerit.

232 2274 279 2328 ⁴)
308 2274 391 2315 Jes.
420 2274 532 2323 LXI,
561 2275 599 2315 1.
629 2276 670 2316 2.

231 2344 277 2399 ⁵)
306 2343 416 2386 Edd.
446 2343 642 2385 Merlini:
671 2344 797 2386 nobis
827 2345 1024 2386 omnibus
1055 2343 1314 2385 hominibus.

231 2413 278 2469 ὃ)
309 2414 487 2468 Apocal.
516 2413 632 2464 XIV,
662 2415 700 2457 6.

232 2484 279 2537 7)
308 2483 418 2525 Edd.
449 2482 644 2531 Merlini‚
683 2484 871 2538 itemque
909 2485 971 2526 cd.
1001 2483 1137 2526 Ruaei
1168 2483 1528 2535 origenianorum

115 2540 206 2582 Lib.
234 2539 287 2579 ΙΙ.
317 2539 415 2595 (cfr.
448 2541 510 2579 ed.
541 2540 590 2579 R.
624 2539 750 2581 Tom.
780 2541 850 2581 IV.
888 2551 928 2580 et
963 2541 1136 2596 quidem
1168 2539 1282 2595 Opp.
1325 2542 1380 2581 ad
1412 2539 1526 2591 Orig.

115 2595 392 2652 spectantium
423 2612 465 2651 p.
497 2595 614 2652 150.)
643 2596 830 2651 „aliquid
864 2608 1023 2649 gestum
1054 2613 1141 2638 esse
1171 2598 1223 2636 ab
1255 2601 1348 2637 eo.“

229 2664 277 2719 8)
306 2665 424 2706 Editi
466 2665 525 2722 (e.
559 2682 592 2708 e.
623 2667 720 2708 edd.
749 2664 859 2722 Ma)
911 2666 1108 2723 apparuit
1149 2665 1222 2717 iis,
1274 2665 1529 2707 annuntians

116 2737 277 2777 pacem.
307 2720 358 2762 R.

231 2790 279 2846 9)
311 2790 471 2833 Coloss.
500 2791 533 2841 Ι,
560 2793 628 2835 20.
744 2790 815 2846 ¹⁰)
843 2791 1122 2834 Desideratur
1151 2796 1243 2843 „et“
1271 2791 1317 2834 in
1349 2791 1444 2833 edd.
1466 2789 1528 2833 Μ.

207 2859 280 2916 ιι)
310 2861 434 2903 Rom.
464 2861 496 2912 I,
524 2862 563 2904 2.
680 2860 753 2916 ¹²)
783 2861 918 2904 Marc.
948 2862 1004 2912 X,
1031 2861 1098 2904 29.
