1788 3111
203 71 287 115 102
540 66 764 110 Omenms
791 80 839 110 m
868 67 945 111 ΕΡ.
974 80 1034 111 An
1068 44 1293 114 RomAmos

202 183 326 234 leges,
354 181 388 223 si
419 183 472 224 ad
503 181 588 223 hoc
617 181 758 238 ipsum
787 182 978 238 reputari
1007 183 1205 232 debeant,
1232 184 1386 224 videto.
1405 182 1448 240 ¹)
1477 167 1628 224 'Natu-

205 259 306 300 ralis
337 276 437 301 vero
469 260 548 310 lex,
578 276 688 316 quae
712 260 1000 302 communiter
1019 260 1220 302 omnibus
1241 260 1488 303 hominibus
1510 261 1631 311 inest,

206 336 567 378 considerandum
607 349 666 378 est
713 337 748 379 si
793 354 886 379 non
923 354 1071 379 omnes
1109 353 1247 393 paene
1287 337 1414 380 faciat
1448 339 1492 380 in
1539 339 1632 390 lege

205 431 399 470 peccare,
427 414 533 456 sicut
562 415 607 456 in
629 414 986 470 consequentibus
1008 414 1130 456 dicit:
1160 433 1284 465 „cum
1300 414 1347 469 2)
1378 416 1490 456 enim
1513 414 1632 456 Gen-

204 503 287 541 tes,
329 509 438 548 quae
475 494 610 545 legem
650 510 742 534 non
783 492 962 543 habent,
990 493 1240 534 naturaliter
1268 509 1376 548 quae
1409 494 1508 544 legis
1535 504 1634 534 sunt

205 569 389 619 faciunt,
429 570 474 612 hi
503 572 639 622 legem
669 588 761 612 non
798 571 1024 620 habentes,
1062 570 1143 626 ipsi
1180 569 1261 611 sibi
1297 581 1395 611 sunt
1432 571 1517 620 lex,
1559 570 1634 626 qui

208 649 439 689 ostendunt
468 664 577 704 opus
606 649 706 701 legis
735 647 940 705 scriptum
969 648 1013 689 in
1047 647 1251 690 cordibus
1279 649 1420 690 suis:“
1453 647 1532 690 nisi
1564 664 1636 689 eos

206 725 319 765 forte
349 725 539 768 dicamus
576 738 689 768 extra
720 727 855 778 legem
883 725 1057 782 positos,
1088 726 1160 781 qui
1182 740 1322 780 neque
1340 725 1505 781 scriptis
1533 724 1636 776 legi-

206 802 307 852 bus,
348 818 489 858 neque
519 803 885 857 conscientiae‚3)
924 815 964 844 et
995 803 1323 854 cogitationibus
1354 801 1540 859 propriis
1570 818 1637 842 re-

207 879 573 936 prehendentibus
612 898 657 923 se
695 893 735 922 et
775 880 1047 932 arguentibus
1091 892 1256 935 parent.
1333 880 1574 935 Quomodo
1591 878 1638 933 4)

210 968 352 998 autem
385 958 507 999 dicit:
547 957 847 1015 „quotquot⁵)
877 959 920 1000 in
951 959 1041 1009 lege
1071 970 1366 1013 peccaverunt,
1396 974 1474 1014 per
1502 958 1637 1008 legem

208 1031 583 1091 judicabuntur?“
622 1035 783 1091 Utique
814 1035 887 1092 qui
916 1036 959 1077 in
991 1036 1080 1087 lege
1105 1034 1262 1078 Christi
1294 1047 1364 1081 est,
1394 1051 1473 1090 per
1502 1035 1638 1085 legem

212 1110 388 1153 Christi:
430 1125 470 1154 et
501 1113 574 1169 qui
602 1113 648 1154 in
677 1115 768 1165 lege
799 1112 954 1163 Mosis‚
992 1130 1071 1169 per
1098 1114 1234 1165 legem
1264 1113 1399 1154 Effosis
1428 1110 1640 1169 judicabi-

210 1200 302 1230 tur:
342 1207 484 1247 neque
523 1191 596 1248 qui
635 1193 715 1232 sub
753 1192 845 1243 lege
878 1189 1034 1232 Christi
1065 1202 1145 1240 est,
1185 1190 1375 1246 quamvis
1407 1190 1530 1230 etiam
1562 1188 1642 1241 legi

211 1265 346 1308 Mosis
382 1268 575 1310 subditus
613 1269 827 1319 vide-atur,
870 1267 1051 1325 judicari
1090 1281 1235 1309 tamen
1272 1269 1509 1309 secundum
1549 1283 1642 1307 eam

211 1347 429 1400 putandus
461 1357 540 1395 est,
581 1363 657 1387 cur
687 1363 778 1388 non
808 1345 860 1388 sit
891 1345 1187 1394 circumcisus,
1217 1346 1282 1386 vel
1313 1362 1390 1386 cur
1417 1345 1643 1386 sabbatum

211 1439 305 1463 non
333 1434 481 1465 servet.
540 1423 677 1478 Quod
708 1435 746 1465 et
775 1424 809 1465 si
846 1423 961 1482 juxta
1002 1424 1138 1475 legem
1168 1423 1303 1465 Nlosis
1339 1424 1553 1479 putandus
1588 1432 1647 1464 est

213 1498 419 1557 jud1cari,
456 1503 694 1543 secundum
725 1502 829 1552 hoc,
869 1504 988 1558 quod
1018 1504 1083 1544 lex
1112 1500 1341 1558 spiritualis
1370 1512 1448 1550 est,
1480 1497 1646 1556 judica-

213 1578 340 1619 bitur.
392 1577 491 1619 Hoc
523 1591 582 1620 est
613 1579 726 1620 enim
751 1597 844 1621 non
860 1579 905 1636 ⁶)
937 1581 1178 1622 auditorem
1201 1579 1314 1630 legis,
1342 1580 1415 1619 sed
1439 1579 1645 1618 factorem

213 1653 444 1712 justificari.
505 1656 641 1710 Quod
672 1673 772 1698 vero
815 1658 1007 1708 graviore
1043 1655 1247 1699 sententia
1285 1654 1451 1711 percuti
1480 1655 1647 1696 videtur

215 1732 263 1783 is,
298 1733 372 1789 qui
402 1733 493 1775 sine
522 1734 613 1785 lege
637 1736 888 1790 peccaverit,
921 1734 1125 1789 quoniam
1149 1732 1418 1788 periturus7)
1450 1749 1647 1788 pronun-

215 1809 368 1860 tiatur,
401 1827 500 1852 cum
530 1810 678 1867 utique
712 1822 751 1851 et
782 1811 1057 1852 miseratione
1088 1810 1228 1865 aliqua
1262 1811 1412 1861 dignus
1443 1811 1648 1858 videatur,

219 1887 293 1943 qui
323 1886 539 1945 adjutorio
571 1906 662 1930 non
686 1905 783 1930 usus
804 1901 862 1930 est
881 1888 994 1942 legis,
1022 1889 1254 1937 videamus,
1284 1904 1339 1929 ne
1361 1889 1462 1944 quid
1479 1887 1647 1936 iterum,

217 1966 329 2008 utin
352 1967 525 2009 caeteris
549 1966 789 2016 docuimus,
820 1966 988 2008 divinae
1016 1965 1217 2007 bonitatis
1248 1965 1318 2006 hic
1348 1966 1488 2014 lateat,
1518 1981 1647 2020 quam

217 2061 388 2101 semper
418 2043 702 2100 absconditfl)
731 2044 979 2086 timentibus
1009 2059 1064 2086 se.
1110 2042 1316 2085 Fortassis
1338 2042 1452 2084 enim
1484 2043 1541 2083 ob
1564 2043 1650 2083 hoc

341 2178 384 2234 ¹)
418 2179 518 2221 Mss.
555 2180 645 2220 fere
686 2195 856 2227 omnes,
896 2189 935 2219 et
967 2178 1066 2219 editi
1104 2177 1162 2234 (e.
1196 2195 1229 2218 6.
1263 2179 1357 2218 edd.
1388 2175 1496 2230 M.):
1533 2193 1648 2225 „non

219 2234 385 2332 vigeust‘
426 2236 553 2333 {olus
573 2235 678 2277 RIsc.
699 2235 799 2287 Reg.
822 2253 939 2276 num.
963 2237 1086 2280 1639.
1115 2235 1325 2285 ‚,videto“,
1356 2235 1475 2289 quod
1499 2233 1651 2275 rectius

222 2308 260 2332 νι
294 2303 396 2332 etur.
470 2323 478 2332 .

342 2360 388 2411 2)
422 2361 546 2402 Rom.
578 2362 631 2412 11,
662 2361 727 2403 14.
760 2363 826 2404 15.
945 2362 992 2416 ³)
1023 2363 1102 2403 Ed.
1136 2361 1290 2403 Ruaei:
1325 2359 1593 2402 conscicntia.

344 2429 390 2485 ⁴)
422 2431 480 2472 Ita
511 2431 617 2473 NIsc.
649 2418 749 2483 Reg.
788 2449 905 2474 num.
939 2432 1059 2475 1639.
1121 2431 1202 2472 Alii
1242 2444 1380 2472 autem
1423 2431 1509 2470 duo
1554 2430 1650 2470 Mss.

223 2486 363 2538 Regii:
402 2486 520 2541 „Qui
562 2500 702 2529 autem
742 2489 881 2529 dicit.“
954 2489 1060 2529 Msc.
1102 2487 1447 2529 Vallis-Clarae:
1490 2487 1650 2539 „Quod

225 2556 366 2585 autem
399 2544 539 2584 dicit.“
570 2544 714 2585 Editio
739 2545 920 2585 Veneta:
952 2544 1068 2598 „Qui
1100 2556 1239 2585 antem
1264 2543 1467 2591 ‹lice1·is;“
1500 2543 1652 2584 caeteri

224 2617 325 2642 vero
358 2600 459 2642 editi
489 2602 548 2657 (e.
581 2618 612 2642 c.
646 2603 742 2643 cdd.
774 2601 882 2657 M.):
915 2601 1029 2655 „Qui
1061 2613 1201 2655 autem
1235 2600 1378 2642 dicis.“
1410 2600 1459 2640 R.

342 2670 387 2725 ⁵)
418 2670 545 2712 Rom.
577 2670 629 2721 Il,
661 2672 725 2715 12.
845 2670 891 2725 ⁶)
922 2670 1050 2714 Rom.
1082 2672 1135 2722 II,
1169 2673 1234 2716 13.

344 2739 389 2797 ⁷)
422 2742 549 2783 Rom.
579 2742 632 2793 II,
663 2744 729 2786 12.

343 2810 390 2867 8)
420 2811 576 2855 Psalm.
608 2812 776 2864 ΧΧΧΙ,
808 2812 872 2858 19.
906 2811 1096 2868 (XXX.)
