1788 3111
523 116 964 161 COMMENTAmoRum
994 119 1083 160 Lm.
1114 120 1164 159 V.
1471 121 1557 165 385

144 244 229 275 stus
255 233 431 275 surrexit
461 248 483 273 a
507 230 687 273 mortuis
716 246 794 288 per
822 230 1001 284 gloriam
1035 231 1185 282 Patris,
1213 232 1270 274 ita
1301 233 1343 275 in
1372 234 1560 276 novitate

144 309 250 350 vitae
280 310 500 350 ambulare
528 309 711 349 debeant
740 307 798 358 hi,
829 307 901 362 qui
930 306 1130 363 baptizati
1152 320 1259 351 sunt.
1304 308 1422 351 Haec
1442 312 1561 366 Apo·

142 385 272 426 stolus
301 385 457 426 scribit.
516 385 667 426 Adhuc
699 384 882 427 fortassis
912 384 1036 425 ctiam
1066 383 1150 424 hoc
1178 383 1222 425 in
1250 385 1459 440 praesenti
1492 403 1561 429 ca-

141 461 279 516 pitulo
311 461 570 516 requiratur:
600 461 633 502 si
663 461 822 502 mortui
851 478 994 503 sumus
1033 472 1225 516 peccato,
1255 473 1293 502 et
1323 463 1560 518 consepulti

141 552 286 578 sumus
318 536 500 586 Christo,
532 548 569 577 et
598 537 935 579 consurreximus
969 555 1065 579 cum
1092 553 1157 587 eo,
1187 538 1467 578 necessarium
1500 538 1558 580 vi-

143 611 311 652 debitur
339 615 571 654 secundum
605 613 714 654 hanc
749 615 933 655 formam
969 614 1146 664 ostendi,
1178 615 1402 670 quomodo
1435 614 1559 656 etiam

143 704 240 728 cum
283 687 375 743 ipso
416 700 495 731 tres
538 691 623 732 dies
671 701 710 731 et
747 702 827 731 tres
868 703 1012 732 noctes
1058 691 1102 732 in
1154 693 1283 732 corde
1322 702 1458 732 terrae
1494 707 1558 734 se-

142 763 250 818 pulti
280 765 511 807 fecerimus.
537 764 578 821 Ι)
637 766 692 806 Et
730 767 823 808 vide
862 768 894 808 si
933 767 1140 823 possimus
1157 768 1202 822 ²)
1232 780 1313 809 tres
1341 767 1426 809 dies
1458 785 1562 809 con-

140 841 293 894 sepulti
324 839 491 883 Christo
524 844 686 891 facere,
730 861 824 885 cum
856 844 1027 898 plenam
1058 844 1251 886 trinitatis
1269 844 1314 899 3)
1344 845 1560 886 scientiam

143 915 354 971 capimus:
395 920 465 959 lux
506 919 626 974 est4)
667 920 779 960 enim
810 919 958 969 Pater,
1002 931 1040 960 et
1081 920 1126 959 in
1154 920 1317 961 lumine
1348 920 1455 978 ejus,
1489 923 1563 977 qui

141 1012 201 1041 est
228 990 387 1044 Filius,
428 997 575 1036 lumen
613 995 801 1037 videmus
841 996 1049 1051 Spiritum
1089 1008 1292 1038 sanctum.
1364 997 1565 1040 Facimus

142 1087 281 1117 autem
315 1084 353 1114 et
381 1084 463 1113 tres
492 1084 651 1122 noctes,
683 1089 778 1112 cum
811 1073 1062 1115 destruimus
1092 1074 1364 1115 tenebrarum
1386 1085 1424 1113 et
1442 1073 1565 1126 igno-

143 1151 305 1193 rantiae
334 1161 520 1205 patrem,
568 1165 652 1188 una
685 1165 780 1190 cum
813 1149 1063 1200 mendacio,
1103 1151 1223 1205 quod
1265 1166 1309 1190 ex
1338 1166 1388 1191 eo
1417 1163 1566 1192 natum

145 1239 215 1277 est,
247 1239 286 1268 et
316 1224 582 1279 „mendax⁵)
615 1236 692 1275 est,
732 1225 836 1266 sicut
869 1237 907 1266 et
938 1238 1059 1281 pater
1097 1224 1224 1283 ejus‚“
1269 1238 1307 1267 et
1345 1243 1468 1276 „eum
1500 1228 1566 1268 lo-

144 1304 288 1360 quitur
316 1300 603 1351 mendacium,
634 1302 686 1341 de
712 1301 795 1343 suis
819 1302 1004 1358 propriis
1035 1303 1264 1358 loquitur.“
1318 1303 1402 1344 Sed
1430 1315 1468 1344 et
1483 1315 1566 1344 ter-

141 1382 202 1423 tio
235 1382 335 1421 loeo
370 1379 563 1435 spiritum
596 1378 749 1420 erroris
781 1379 1044 1429 destruimus,
1075 1379 1148 1435 qui
1177 1379 1352 1435 inspirat
1379 1381 1567 1435 pseudo·

143 1458 387 1514 prophetas,
418 1467 464 1495 ut
496 1453 657 1494 dicant:
689 1455 820 1503 „haec
838 1456 882 1510 6)
925 1456 1027 1497 dicit
1055 1456 1293 1506 Dominus,
1333 1473 1439 1512 quos
1471 1457 1567 1497 Do-

142 1535 282 1575 minus
322 1549 412 1573 non
452 1530 598 1572 misit.“
659 1531 924 1574 Destruimus
968 1532 1071 1573 haec
1116 1544 1156 1573 et
1188 1534 1503 1583 conculcamus,
1532 1533 1566 1574 si

149 1609 387 1665 consepulti
426 1625 567 1650 sumus
603 1607 794 1658 Christo,
842 1609 965 1650 etiam
1004 1611 1239 1650 secundum
1281 1610 1408 1659 illud,
1449 1610 1568 1665 quod

142 1687 233 1743 ipse
263 1685 386 1726 dicit:
417 1684 600 1739 „ecce⁷)
642 1686 741 1726 dedi
778 1687 896 1727 vobis
927 1698 1173 1741 potestatem
1219 1687 1412 1727 calcandi
1441 1702 1568 1742 super

142 1774 356 1819 serpentes
387 1773 426 1802 et
455 1762 718 1818 scorpiones,
749 1774 786 1802 et
815 1780 940 1819 super
961 1780 1132 1804 omnem
1159 1763 1352 1804 virtutem
1372 1763 1569 1805 inimici.“

145 1840 269 1895 Quae
300 1839 463 1890 singula
503 1839 557 1879 ita
598 1851 696 1879 sunt
729 1840 940 1880 contraria
954 1838 999 1895 8)
1029 1838 1225 1887 trinitati,
1265 1850 1310 1878 ut
1346 1855 1430 1879 nox
1474 1838 1571 1887 diei,

146 1930 185 1959 et
222 1919 424 1958 tenebrae
453 1917 560 1965 luci,
604 1927 643 1956 et
694 1916 965 1957 mendacium
1007 1915 1178 1957 veritati.
1246 1913 1362 1954 Haec
1403 1914 1570 1955 interim

146 1993 271 2034 nobis
300 1993 345 2034 in
374 1992 586 2047 praesenti
619 1994 718 2033 loco
752 2008 975 2034 occurrere
1005 2001 1250 2045 potuerunt.
1297 1990 1343 2031 Si
1374 1990 1464 2045 quis
1496 2006 1570 2031 au-

146 2146 318 2183 surgens
362 2147 385 2171 a
424 2131 601 2172 mortuis
632 2148 708 2186 per
738 2132 915 2182 gloriam
946 2129 1098 2185 patris,
1141 2129 1185 2170 in
1227 2128 1412 2170 novitate
1442 2128 1571 2170 vitae“

148 2199 221 2230 etc.
252 2187 302 2227 R.

266 2256 311 2312 1)
343 2256 459 2299 Alias
490 2259 549 2311 (v.
583 2273 615 2299 c.
646 2257 690 2297 in
722 2258 817 2298 edd.
848 2256 954 2312 Μ.);
986 2254 1163 2312 „sepulti
1195 2253 1436 2296 fuerimus.“
1465 2254 1515 2295 R.

265 2326 312 2382 2)
343 2326 453 2367 Edd.
484 2326 682 2367 Merlini:
713 2343 951 2381 possumus.

267 2395 313 2450 3)
343 2396 453 2439 Edd.
485 2395 680 2437 Merlini:
710 2396 927 2437 seientiam
959 2396 1168 2438 trinitatis.

269 2465 314 2520 4)
348 2466 477 2506 Deest
514 2465 559 2506 in
603 2479 724 2506 antea
768 2465 887 2507 editis
927 2465 986 2522 (v.
1017 2484 1050 2507 c.
1083 2466 1126 2506 in
1159 2467 1224 2507 ed.
1253 2466 1314 2506 M.
1343 2465 1420 2519 I.):
1451 2469 1574 2514 ‚,est.“

148 2521 198 2562 R.
229 2546 281 2555 —-
312 2521 392 2563 Ed.
423 2522 483 2563 M.
513 2521 576 2561 II:
607 2523 702 2571 „lux
735 2523 846 2562 enim
880 2528 961 2562 est“
995 2534 1070 2563 etc.

271 2591 314 2645 5)
347 2591 422 2632 Ev.
454 2592 611 2633 Joann.
643 2591 756 2641 VIII,
785 2591 850 2632 44.
972 2593 1016 2647 6)
1046 2594 1197 2635 Ezech.
1227 2593 1346 2641 XIII,
1375 2593 1414 2635 6.

268 2660 314 2715 7)
344 2661 443 2702 Luc.
473 2662 528 2711 X,
561 2661 627 2704 19.

268 2728 314 2783 8)
343 2730 459 2771 Editi
490 2732 548 2785 (e.
582 2748 615 2772 c.
648 2732 741 2772 edd.
772 2729 878 2785 Μ.);
919 2731 1157 2781 „contraria
1186 2732 1346 2773 veritati
1377 2742 1417 2772 et
1445 2730 1571 2771 trini-

153 2785 238 2833 tati,
267 2797 312 2825 ut
345 2802 430 2826 nox
463 2788 558 2835 diei,
587 2799 635 2827 ut
663 2790 863 2828 tenebrae
891 2789 989 2837 luci,
1019 2800 1062 2829 ut
1091 2788 1363 2830 mendacium
1392 2786 1566 2828 veritati.

152 2839 270 2882 Haec
299 2841 465 2882 interim
498 2858 606 2897 quae
634 2845 784 2885 nobis“
817 2857 892 2886 etc.
925 2844 974 2884 R.

155 2917 376 2961 OR1GEN1s
408 2918 575 2961 OPERA.
618 2919 735 2963 Tom.
768 2922 837 2961 Vl.
1186 2922 1242 2963 25
