1788 3111
209 122 294 170 194
546 118 770 163 Omfflzms
798 132 846 162 m
874 118 953 162 Ep,
981 131 1042 162 AD
1073 119 1312 164 ROMANos-

208 252 300 276 non
330 231 630 291 justificabitur
659 232 798 274 omnis
829 238 968 276 caro.“
1027 232 1163 289 Quod
1202 233 1352 290 utique
1382 234 1542 277 dictum
1571 236 1633 278 vi-

208 314 335 354 detur
354 310 397 368 ¹)
427 312 482 352 de
510 310 574 352 his
599 321 778 361 tantum,
810 309 884 367 qui
912 309 959 351 in
984 327 1110 353 carne
1133 324 1231 353 sunt
1259 311 1400 368 positi.
1443 314 1530 356 Sed
1562 314 1635 370 qui

208 390 400 447 priorem
437 406 608 431 sensum
649 388 780 442 magis
820 399 966 429 tenere
1004 389 1174 439 volunt,
1219 389 1506 432 observabunt
1537 391 1633 433 dili-

210 468 397 522 gentius,
455 468 679 523 quomodo
720 466 956 523 Apostolus
1002 466 1154 507 dixerit
1193 483 1241 508 ex
1280 467 1482 524 operibus
1528 467 1630 521 legis

209 564 301 589 non
339 544 558 604 justificari
599 561 772 587 omnem
788 544 834 600 2)
874 560 1064 585 carnem:
1106 543 1203 600 quia
1242 545 1297 586 ad
1335 561 1430 594 eos,
1480 544 1554 601 qui
1590 545 1636 585 in

210 641 338 681 carne
367 635 477 674 sunt,
509 640 639 679 opera
670 622 770 675 legis
800 633 1004 677 spectant,
1036 623 1090 662 ad
1122 639 1193 664 eos
1224 639 1339 674 vero,
1373 623 1445 679 qui
1475 622 1521 663 in
1551 621 1636 678 spi-

210 704 295 745 ritu
327 713 446 751 sunt,
485 701 531 742 id
562 711 644 751 est,
682 698 922 755 superiores
964 699 1135 741 ordines
1168 700 1416 742 coelestium
1445 699 1637 742 ministe-

210 765 395 831 riorum,
436 795 581 821 sensus
610 776 796 833 pertinet
831 775 946 830 legis.
1003 778 1095 828 „Ex
1109 777 1156 834 3)
1188 777 1389 834 operibus
1418 777 1548 831 igitur
1573 778 1636 819 le·-

211 859 270 913 gis
303 859 422 915 quod
450 873 541 897 non
571 853 871 913 justificabitur
891 854 1029 896 omnis
1061 872 1160 897 caro
1179 855 1224 896 in
1244 868 1477 912 conspectu
1508 854 1640 914 ejus,“

210 938 294 977 hoc
323 935 458 976 modo
489 932 815 986 intelligendum
843 944 973 988 puto:
1015 932 1113 989 quia
1145 933 1296 984 omnis,
1329 933 1403 990 qui
1433 950 1532 974 caro
1566 944 1639 983 est,

212 1025 253 1056 et
282 1013 518 1056 seeundum
549 1027 721 1051 carnem
748 1009 871 1060 vivit,
913 1027 1004 1051 non
1050 1022 1192 1066 potest
1220 1010 1440 1069 justificari
1471 1028 1519 1052 ex
1549 1012 1641 1064 lege

211 1091 319 1142 Dei,
355 1090 462 1132 sicut
493 1099 535 1130 et
562 1086 665 1129 alibi
696 1086 798 1128 dicit
826 1087 943 1128 idem
974 1089 1232 1144 Apostolus,
1274 1089 1372 1145 quia
1403 1088 1504 1145 „qui
1520 1088 1567 1145 ⁴)
1596 1088 1640 1129 in

214 1185 340 1210 carne
359 1178 471 1217 sunt,
494 1166 594 1206 Deo
618 1165 788 1221 placere
813 1181 905 1205 non
919 1171 1149 1220 possunt:“
1169 1166 1272 1207 item
1293 1165 1417 1207 alibi:
1449 1166 1577 1221 „quia
1595 1167 1640 1223 ⁵)

213 1244 418 1302 sapientia
451 1242 587 1285 carnis
616 1241 789 1283 inimica
820 1253 881 1283 est
918 1243 1038 1283 Deo:
1078 1243 1160 1295 legi
1201 1243 1314 1284 enim
1343 1243 1430 1284 Dei
1458 1260 1550 1284 non
1581 1254 1643 1284 est

213 1321 425 1381 subjeeta3
452 1336 532 1361 nec
564 1319 678 1361 enim
706 1324 896 1375 potest:“
937 1331 979 1360 et
1008 1321 1220 1376 propheta
1252 1320 1375 1362 dicit:
1414 1319 1581 1371 „omnis
1596 1320 1641 1376 ⁶)

214 1418 313 1444 caro
344 1401 571 1441 soenum:“
611 1408 652 1439 et
681 1396 727 1438 in
757 1396 990 1451 Evangelio
1021 1397 1227 1453 scriptum
1259 1410 1338 1440 est:
1368 1397 1578 1454 „Spiritus
1597 1397 1642 1454 ⁷)

216 1491 289 1530 est,
322 1477 396 1535 qui
424 1476 627 1518 vivificat:
660 1491 759 1517 caro
791 1474 995 1529 autem⁸)
1037 1492 1129 1517 non
1158 1477 1336 1532 prodest
1366 1476 1644 1532 quidquam.“

213 1559 285 1599 De
314 1556 378 1598 his
409 1571 508 1609 ergo
542 1553 657 1604 dicit,
688 1552 786 1610 quia
818 1570 866 1594 ex
897 1553 988 1606 lege
1018 1553 1103 1594 Dei
1133 1571 1251 1604 „non
1267 1553 1314 1610 ⁹)
1343 1552 1644 1611 justificabitur

216 1634 356 1677 omnis
397 1649 496 1674 caro
538 1648 684 1673 coram
722 1630 859 1687 ips0.“
929 1632 1017 1673 Sed
1058 1642 1098 1672 et
1135 1632 1240 1680 hoc,
1288 1632 1406 1687 quod
1457 1629 1640 1671 addidit:

213 1728 387 1764 „coram
407 1711 478 1767 ¹⁰)
507 1709 600 1765 ipso
615 1715 652 1750 :⁴⁴
676 1725 767 1750 non
791 1708 926 1750 otiose
940 1719 1189 1764 praetereat,
1205 1708 1312 1749 sicut
1334 1706 1422 1766 jam
1439 1709 1642 1763 frequen-

214 1789 296 1831 tius
335 1786 658 1837 admonuimus,
701 1786 800 1841 quia
839 1785 956 1827 aliud
995 1796 1056 1827 est
1094 1802 1239 1826 coram
1271 1786 1369 1826 Deo
1409 1783 1640 1841 justificari,

214 1866 332 1909 aliud
363 1882 510 1907 coram
538 1863 805 1905 hominibus:
837 1864 920 1904 hoe
953 1875 1024 1913 est,
1056 1864 1110 1904 ad
1138 1861 1503 1919 comparationem
1533 1861 1641 1901 alio-

214 1961 312 1986 rum
341 1942 569 1985 hominum
597 1953 739 1999 potest
768 1940 873 1983 alius
903 1943 1052 1993 homo,
1084 1941 1157 1997 qui
1189 1939 1451 1983 emendatius
1481 1938 1642 1988 vixerit,

214 2021 350 2080 justus
380 2019 536 2070 videri,
575 2021 630 2061 ad
670 2019 1036 2077 comparationem
1075 2031 1217 2061 autem
1247 2018 1332 2060 Dei
1370 2034 1462 2059 non
1500 2017 1641 2058 solum

213 2101 347 2142 homo
377 2115 469 2140 non
488 2095 798 2156 justificabitur,
825 2098 900 2139 sed
927 2109 967 2139 et
993 2096 1100 2139 sicut
1118 2098 1205 2139 Job
1227 2096 1348 2139 dicit:
1380 2095 1553 2147 „stellae
1571 2095 1582 2118 ¹
1601 2095 1641 2153 ¹)

336 2246 380 2301 ¹)
409 2246 491 2288 Ed.
521 2245 659 2287 Ruaei
688 2247 800 2288 sola:
831 2245 1110 2297 „videbitur.“

331 2317 379 2372 ²)
409 2317 544 2357 Deest
560 2315 605 2356 in
628 2327 750 2357 antea
770 2316 890 2358 editis
905 2317 965 2373 (e.
986 2333 1018 2357 c.
1038 2316 1083 2357 in
1103 2316 1198 2357 edd.
1217 2315 1303 2371 M.)
1318 2332 1326 2356 z
1340 2313 1640 2365 ,‚omnem.“R.

332 2386 380 2442 ³)
408 2387 535 2427 Rom.
566 2388 642 2436 III,
672 2389 741 2430 20.
869 2386 915 2443 ⁴²)
944 2388 1073 2428 Rom.
1103 2386 1219 2436 VIII,
1249 2387 1290 2430 8.

335 2456 380 2512 ⁵)
409 2457 538 2498 Rom.
569 2457 688 2506 VIII,
720 2457 757 2500 7.
874 2456 921 2513 6)
952 2456 1075 2500 Jesai.
1106 2457 1198 2506 XL,
1229 2457 1268 2499 6.

334 2526 381 2582 ⁷)
410 2527 486 2568 Ev.
516 2527 673 2567 Joann.
703 2526 777 2576 VI,
806 2527 873 2569 63.

335 2596 382 2651 8)
413 2596 461 2636 In
494 2595 615 2637 editis
645 2597 703 2653 (e.
735 2613 768 2638 c.
800 2596 843 2637 in
877 2597 973 2637 edd.
1005 2596 1093 2652 M.)
1125 2601 1321 2646 „autem⁴‘
1347 2594 1567 2637 omittitur.
1589 2595 1640 2635 B.

222 2654 308 2696 Csr.
339 2654 436 2694 edd.
465 2654 519 2695 N.
552 2652 604 2695 T.

336 2723 382 2778 ⁹)
411 2725 538 2765 Rom.
568 2724 645 2773 III,
675 2724 743 2767 20.

311 2794 383 2850 ¹⁰)
416 2794 503 2836 Cfr.
533 2811 573 2850 p.
605 2794 700 2839 189.
731 2805 820 2835 not.
850 2795 890 2837 5.

312 2865 383 2916 ¹¹)
413 2864 515 2908 Job.
550 2865 692 2915 XXV,
721 2866 759 2908 5.
