1788 3111
477 126 920 169 COMMENTARJORUM
951 125 1043 168 Lm.
1073 126 1147 170 111.
1442 130 1525 172 207

106 243 220 292 inde,
251 252 292 283 et
322 240 476 296 loquar
504 241 558 281 ad
589 251 630 281 te
659 239 882 280 desursum
920 255 1047 293 super
1084 239 1430 295 propitiatorium
1459 240 1526 282 in-

107 332 173 362 ter
200 318 391 360 medium
423 318 610 358 duorum
642 315 895 365 Cherubim,
935 331 1044 371 quae
1088 328 1187 356 sunt
1230 334 1358 373 super
1387 335 1528 359 arcam

107 395 359 446 testamentI,
390 395 624 437 secundum
657 392 872 447 omnia‚¹)
933 409 1040 448 quae
1069 392 1326 448 praecipiam
1365 395 1443 436 tibi
1474 396 1530 436 ad

110 474 223 516 filios
253 473 426 515 Israel.“
483 470 714 513 Evidenter
743 482 936 526 apparet,
978 471 1096 526 quod
1134 488 1295 512 nomen
1322 472 1529 527 propitia-

110 553 211 594 torii
242 551 474 608 Apostolus
504 547 548 588 in
579 546 642 588 his
670 545 776 587 locis
805 547 1036 597 inventum,
1066 547 1111 588 in
1141 548 1224 590 suis
1256 566 1371 590 nunc
1401 550 1531 592 literis

111 629 266 686 posuit,
299 629 350 669 de
383 642 467 682 quo
507 623 632 665 nobis
669 640 809 665 sermo
851 637 922 666 est.
978 626 1035 666 Et
1073 625 1239 667 videtur
1276 626 1530 682 propitiato-

117 707 229 748 rium
259 707 354 754 hoc,
385 705 437 744 de
469 718 553 758 quo
586 700 791 756 scriptum
821 714 881 742 est
909 702 954 742 in
969 702 1136 753 Exodo,
1167 705 1222 745 ad
1253 705 1421 745 nullum
1452 705 1533 746 nisi

116 785 170 824 ad
201 783 463 825 Salvatorem
494 778 737 820 Dominum
767 779 984 829 retulisse,
1017 797 1112 821 cum
1145 781 1257 830 dicit,
1291 781 1388 837 quia
1418 782 1533 822 hunc

114 859 257 916 posuit
295 857 502 910 „Deus²)
550 855 896 911 propitiatorium
944 873 1021 912 per
1058 858 1227 900 fidem.“
1294 859 1532 913 Quomodo

116 936 273 992 sane3)
302 932 428 991 hujus
458 933 547 974 veri
574 933 862 988 propitiatorii
905 936 1043 975 forma
1082 947 1121 976 et
1162 936 1296 988 figura
1324 936 1452 977 fuerit
1481 937 1534 977 il-

119 1014 207 1062 lud,
241 1013 359 1068 quod
388 1010 433 1051 in
464 1011 618 1052 Exodo
639 1010 686 1066 4)
717 1011 970 1052 describitur
1001 1029 1048 1053 ex
1078 1029 1182 1054 auro
1214 1013 1439 1068 purissimo
1470 1014 1535 1054 fa-

118 1102 244 1139 ctum,
277 1104 433 1145 operae
460 1087 645 1143 pretium
676 1098 736 1128 est
774 1087 1032 1142 investigare.
1089 1091 1146 1132 Et
1182 1090 1322 1146 primo
1364 1090 1537 1146 quidem

119 1167 477 1208 considerandum
509 1177 581 1215 est,
612 1165 765 1221 quibus
793 1165 840 1206 in
868 1166 973 1207 locis
1004 1183 1169 1218 aurum,
1200 1168 1317 1223 quod
1337 1168 1383 1208 in
1408 1185 1539 1224 opere

120 1244 376 1293 adsumitur,
413 1260 565 1283 aurum
594 1259 751 1298 purum
790 1242 976 1283 dicatur:
1021 1243 1174 1299 quibus
1214 1261 1315 1285 vero
1355 1244 1400 1285 in
1432 1245 1538 1287 locis

121 1338 272 1363 aurum
301 1320 601 1361 tantummodo
633 1320 722 1360 sine
760 1320 847 1360 ulla
879 1318 1117 1376 adjectione
1146 1333 1344 1376 ponatur.
1404 1322 1539 1376 Quod

123 1416 199 1451 ego
247 1398 292 1438 in
326 1396 522 1453 pluribus
574 1398 800 1438 observans
848 1397 1175 1451 deprehendisse
1225 1399 1331 1440 mihi
1378 1399 1539 1450 videor,

125 1477 254 1531 quod,
286 1473 420 1515 sicubi
450 1491 546 1514 cum
577 1473 816 1531 adjectione
843 1491 994 1515 aurum
1024 1491 1182 1529 purum
1215 1475 1387 1527 dicitur,
1425 1476 1537 1517 indi-

123 1563 189 1593 cet
217 1562 403 1592 sanctam
442 1550 560 1591 illam
596 1562 636 1591 et
672 1568 824 1606 puram
863 1552 966 1592 Jesu
997 1551 1194 1602 animam,
1226 1568 1334 1607 quae
1363 1570 1537 1608 „pecca-

121 1627 272 1682 tum5)
302 1644 392 1668 non
420 1627 531 1677 fecit,
575 1644 653 1668 nec
683 1627 877 1669 inventus
908 1639 968 1669 est
999 1629 1123 1669 dolus
1153 1628 1196 1668 in
1228 1645 1303 1670 ore
1333 1628 1468 1686 ejus:“
1500 1643 1541 1672 et

119 1705 200 1762 ipsi
230 1704 482 1746 conveniant
519 1720 743 1745 mensurae
780 1703 882 1746 istae
924 1705 1198 1757 longitudinis
1229 1722 1276 1746 ac
1306 1705 1540 1753 latitudinis

120 1780 490 1839 propitiatoriizfi)
533 1781 720 1837 quamvis
760 1782 863 1823 haec
903 1782 1126 1837 explanare
1165 1782 1218 1823 sit
1256 1785 1462 1835 arduum,
1501 1797 1542 1826 et

122 1871 265 1916 aptare
295 1858 460 1899 animae
489 1857 551 1899 illi
592 1870 759 1899 sanctae
787 1858 949 1911 singula
982 1875 1187 1914 quaeque,
1220 1877 1327 1917 quae
1357 1862 1410 1903 de
1437 1880 1540 1918 pro-

121 1936 338 1994 pitiatorio
374 1937 628 1977 referuntur.
685 1935 832 1977 Primo
867 1952 964 1989 ergo
995 1935 1230 1988 videamus,
1277 1941 1396 1994 quod
1428 1940 1542 1989 dicit,

120 2013 433 2066 longitudinem
460 2011 745 2067 propitiatorii
783 2029 924 2068 neque
954 2014 1062 2054 duos
1100 2014 1238 2054 solum
1271 2016 1436 2057 cubitos
1468 2017 1543 2057 ha-

124 2090 278 2139 huisse,
309 2115 360 2121 —
394 2088 466 2144 qui
491 2089 678 2130 numeris
701 2089 910 2130 sociandis
938 2090 1272 2146 generandisque
1291 2091 1425 2147 aptari
1445 2109 1540 2133 cor-

125 2166 303 2223 poribus
333 2165 442 2206 solet
471 2190 546 2215 —‚
575 2182 715 2220 neque
745 2177 827 2206 tres
856 2166 1054 2218 integros,
1088 2166 1159 2222 qui
1189 2184 1391 2209 numerus
1423 2185 1541 2210 exce-

127 2245 228 2285 dere
258 2242 588 2298 appellationem
618 2254 834 2283 creaturae
866 2243 1094 2293 consuevit,
1126 2255 1166 2284 et
1194 2256 1370 2286 naturae
1398 2245 1541 2286 incor—

124 2337 283 2376 poreae
313 2319 561 2362 consecrari.
601 2321 725 2363 Duos
758 2336 855 2374 ergo
886 2319 1051 2362 cubitos
1082 2332 1123 2361 et
1152 2320 1376 2363 dimidium
1406 2323 1543 2377 longi-

245 2468 289 2523 ¹)
321 2467 435 2509 Alias
466 2472 525 2522 (v.
559 2484 591 2509 c,
620 2466 665 2507 in
692 2468 786 2510 edd.
806 2467 916 2523 M.):
946 2473 1131 2524 ‚‚opera“
1159 2484 1240 2523 pro
1266 2468 1543 2518 ‚,0mnia.“R.

243 2537 290 2592 2)
320 2538 446 2578 Rom.
476 2539 552 2587 ΙΙΙ,
581 2539 648 2580 25.

244 2606 292 2661 3)
323 2608 434 2648 Edd.
465 2607 660 2649 Merlini:
690 2606 816 2666 hujus
846 2624 945 2649 sane
977 2619 1053 2649 etc.

246 2674 292 2730 ⁴²)
321 2677 457 2718 Exod.
487 2679 627 2728 XXV,
658 2680 723 2721 17.
843 2679 888 2734 ⁵)
920 2679 940 2718 I
968 2678 1080 2719 Petr.
1111 2678 1164 2727 II,
1194 2679 1260 2720 22.

248 2745 294 2798 ⁶)
323 2746 433 2786 Edd.
473 2747 667 2788 Merlini:
715 2747 1013 2804 propitiatorii.
1083 2749 1198 2789 Haec
1241 2747 1428 2803 quamvis
1475 2764 1543 2788 ex-

132 2800 306 2855 planare
345 2825 422 2854 —-‚
452 2815 493 2844 et
539 2816 683 2861 aptare
717 2805 780 2846 illi
820 2804 984 2846 animae
1017 2830 1066 2838 -
1105 2806 1364 2846 referuntur:
1404 2804 1544 2860 primo

134 2872 232 2910 ergo
265 2867 341 2898 etc.
