1788 3111
500 130 940 173 COMMENTAmonum
969 132 1060 172 Lm.
1091 132 1140 173 V.
1445 134 1528 179 341

109 243 282 300 quidem
320 254 447 285 mors'
475 242 519 283 in
550 245 784 293 mundum,
828 254 868 284 et
895 242 940 283 in
971 259 1118 285 omnes
1148 243 1411 299 pertransiit,
1436 262 1528 286 non

108 333 250 362 tamen
291 321 336 362 iu
377 335 524 362 omnes
568 318 765 371 regnavit.
838 318 1027 374 Aliud¹)
1066 331 1125 361 est
1165 320 1277 361 enim
1315 333 1530 377 pertrans-

108 398 184 447 ire,
214 408 253 437 et
284 396 399 438 aliud
430 411 614 448 regnare.
669 396 897 437 Peccatum
930 396 1042 437 enim
1073 396 1312 453 pertransiit
1342 399 1465 440 etiam
1479 397 1527 454 2)

108 474 151 515 in
182 472 332 530 justos,
362 484 403 514 et
441 473 521 513 levi
552 474 736 528 quadam
771 488 841 515 eos
879 472 1132 524 contagione
1170 474 1421 528 perstrinxit.
1477 475 1529 516 In

108 549 516 607 praevaricatoribus
546 566 666 598 vero,
709 549 753 590 id
787 561 866 599 est,
909 549 995 599 his,
1025 549 1098 605 qui
1128 566 1170 591 se
1202 550 1238 590 ei
1269 561 1355 591 tota
1387 564 1530 592 mente

109 644 157 668 ac
189 627 416 668 devotione
445 623 694 682 subjiciunt,
733 641 910 677 regnum
939 637 1077 677 tenet,
1106 638 1145 668 et
1175 627 1295 668 omni
1323 638 1529 682 potestate

109 703 367 744 dominatur.
425 701 712 758 „Regnavit³)
746 719 844 755 ergo
875 720 992 745 mors
1021 704 1074 745 ab
1106 705 1301 753 Adam,“
1338 704 1411 760 qui
1440 706 1529 759 pri-

108 797 200 821 mus
228 779 450 821 transitum
480 790 659 834 peccato
677 778 722 834 ⁴)
752 780 795 821 in
826 780 941 820 hunc
957 782 1168 822 mundum
1193 781 1528 836 praevaricando

107 856 318 913 patefecit,
348 872 480 910 usque
510 857 591 905 „ad
620 855 814 906 Mosen,“
844 856 889 898 id
919 868 988 906 est,
1018 873 1153 912 usque
1176 859 1229 898 ad
1253 859 1401 909 legem.
1447 858 1532 899 Per

108 936 242 985 legem
275 933 385 974 enim
417 932 659 988 purificatio
699 944 976 988 peecatorum
1017 934 1159 988 coepit
1188 935 1366 990 aperiri,
1413 948 1452 976 et
1482 951 1529 976 ex

106 1023 226 1067 parte
257 1011 396 1065 aliqua
426 1009 640 1067 tyrannidi
671 1008 757 1065 ejus
790 1009 933 1051 obsisti
963 1025 1041 1065 per
1071 1010 1248 1060 hostias,
1284 1029 1360 1067 per
1391 1012 1530 1068 expia-

106 1088 242 1130 tiones
273 1087 415 1136 varias,
442 1103 520 1142 per
546 1086 772 1135 sacrificia,
802 1103 880 1141 per
908 1099 1147 1143 praecepta.
1207 1088 1291 1129 Sed
1325 1089 1530 1144 quoniam

107 1177 219 1206 tanta
253 1163 339 1222 ejus
373 1175 460 1204 erat
495 1162 746 1212 dominatio,
780 1179 890 1218 quae
919 1163 1025 1205 vires
1055 1164 1154 1216 legis
1176 1167 1405 1215 excederet,
1433 1166 1529 1206 mit-

109 1253 253 1281 tuntur
282 1240 326 1280 iu
359 1240 559 1280 auxilium
588 1239 749 1294 legisf‘)
787 1241 1035 1295 prophetae.
1097 1241 1183 1282 Sed
1216 1253 1255 1281 et
1284 1240 1364 1296 ipsi
1390 1242 1528 1297 pervi—

110 1319 254 1359 dentes
282 1333 410 1372 supra
442 1316 545 1356 vires
575 1333 669 1356 suas
699 1331 784 1357 esse
813 1316 984 1374 tyranni
1013 1318 1264 1372 potentiam,
1297 1319 1527 1358 adventum

109 1394 474 1450 praesentiamque
502 1392 630 1448 ipsius
658 1393 764 1444 regis
796 1405 980 1442 exorant,
1011 1395 1238 1435 clamantes
1273 1397 1326 1436 ad
1360 1395 1527 1436 Deum:

111 1471 276 1520 „emitte
292 1470 336 1524 6)
374 1472 513 1510 lucem
552 1481 694 1518 tuam,
735 1481 774 1509 et
817 1469 1033 1511 veritatem
1072 1477 1246 1512 tuam:“
1287 1483 1326 1512 et
1355 1471 1527 1512 iterum:

110 1547 291 1597 „inclina
310 1547 354 1600 7)
386 1548 527 1587 coelos
571 1558 680 1595 tuos,
714 1558 753 1586 et
784 1548 1040 1587 descende:“
1070 1559 1109 1588 et
1138 1565 1328 1588 rursum:
1362 1564 1530 1596 „exsur-

110 1623 233 1678 ge,⁸)
265 1623 468 1671 Domine,
497 1624 561 1663 ser
593 1639 718 1679 opem
751 1622 915 1664 nobis.“
973 1625 1109 1665 Affuit
1138 1641 1236 1676 ergo
1255 1626 1376 1666 Jesus
1406 1623 1530 1664 Chri-

108 1713 191 1743 stus
212 1700 342 1741 Filius
365 1699 460 1748 Dei,
492 1711 530 1739 et
557 1699 626 1748 „in
645 1698 690 1753 9)
721 1716 806 1754 quo
836 1701 901 1741 lex
920 1700 1217 1742 infirmabatur
1244 1717 1323 1756 per
1346 1716 1530 1748 carnem,

110 1778 227 1819 Deus
266 1777 425 1818 Filium
465 1793 588 1817 suum
634 1777 802 1817 mittens
831 1778 875 1817 in
905 1776 1224 1818 similitudinem
1265 1778 1401 1819 carnis
1431 1771 1535 1832 pec-⁴

111 1855 204 1904 eati,
234 1856 288 1895 de
319 1865 494 1909 peccato
527 1852 741 1894 damnavit
782 1865 1004 1908 peccatum
1035 1854 1077 1894 in
1112 1860 1284 1904 carne,“
1324 1867 1364 1894 et
1404 1871 1531 1894 mun·

111 1935 213 1973 dum
244 1932 414 1987 quidem
448 1928 827 1984 reconciliavit10)
858 1929 978 1970 Deo:
1012 1930 1123 1971 exuit
1143 1931 1152 1953 ¹
1171 1930 1214 1985 1)
1244 1942 1383 1971 autem
1412 1929 1531 1984 prin-

231 2056 272 2109 1)
302 2055 406 2096 'Mse
448 2072 576 2096 unus:
614 2055 770 2104 „Aliud
803 2067 861 2095 est
905 2055 1018 2095 enim
1047 2055 1246 2103 transire,
1283 2053 1398 2094 atiud
1434 2069 1532 2108 per-

111 2112 307 2153 transire:
339 2112 453 2151 aliud
485 2111 752 2165 pertransire,
783 2111 897 2151 aliud
928 2116 1142 2163 regnare.“
1172 2111 1221 2150 R.

229 2181 275 2236 2)
305 2179 420 2220 Editi
438 2180 497 2236 (V.
517 2196 551 2224 e,
571 2181 668 2225 edd.
687 2180 791 2233 Μ.);
819 2180 967 2228 „etiam
992 2179 1161 2237 justos,“
1180 2180 1333 2222 omisso
1353 2178 1461 2229 „in.“
1482 2178 1529 2220 R.

228 2251 274 2305 3)
307 2251 433 2291 I’tom.
465 2249 516 2296 V,
553 2248 618 2289 14.

229 2319 274 2375 4)
305 2320 384 2360 Ed.
416 2319 476 2359 M.
508 2318 545 2357 I:
575 2328 822 2372 „peccatum
854 2318 897 2358 in
929 2319 1010 2359 hoc
1042 2322 1233 2360 muudo“
1264 2331 1354 2368 etc„
1384 2321 1450 2360 ed.
1470 2318 1532 2361 M.

115 2380 174 2419 ll:
204 2388 405 2432 „peccato
435 2376 480 2416 in
512 2375 597 2414 hoc
627 2375 820 2414 mundo“
851 2386 927 2415 etc.

231 2445 510 2502 ⁵)Edi1i<v.
551 2460 583 2484 c.
624 2445 720 2484 edd.
760 2445 866 2499 M.):
912 2446 1041 2497 „regis
1073 2447 1315 2501 prophetae.
1378 2445 1463 2486 Sed
1496 2456 1534 2484 et

119 2506 193 2560 ipsi
223 2503 542 2560 praevidentes-‘⁴
573 2512 648 2541 etc.
680 2500 730 2540 R.

231 2573 278 2628 6)
310 2573 461 2613 Psalm.
492 2570 645 2619 XLIII,
675 2570 714 2612 3.
743 2570 922 2626 (XLII.)

234 2642 279 2697 7)
310 2642 464 2682 Psalm.
495 2639 683 2688 CXLIV,
712 2642 750 2682 5.
784 2639 1023 2697 (CXLIH.)

232 2711 278 2764 8)
309 2711 462 2752 Psalm.
491 2712 642 2761 XLIV,
669 2712 738 2754 26.
768 2712 968 2767 (XLIII.)

235 2778 280 2832 ⁹)
314 2780 435 2823 Rom.
466 2780 580 2830 VIII,
611 2782 649 2823 3.
776 2782 845 2837 ¹⁰)
878 2782 914 2821 II
948 2782 1047 2824 Cor.
1078 2783 1128 2830 V,
1162 2782 1222 2825 19.

213 2851 281 2903 Η)
315 2849 476 2893 Coloss.
508 2850 560 2902 II,
590 2853 655 2896 15.
