1788 3111
230 125 317 169 306
569 122 791 165 Omeums
819 133 868 163 m
898 120 977 163 Ep,
1002 133 1062 163 An
1094 120 1319 164 Rommos

233 238 358 288 stitit,
406 249 455 279 ut
507 252 589 292 pro
643 235 778 278 salute
824 233 1037 292 eorum¹)
1100 232 1276 275 unicum
1319 233 1481 276 Filium
1528 235 1660 286 daret,

235 326 396 371 quanto
437 314 570 368 magis
611 329 708 367 erga
750 328 1001 362 conversos,
1033 323 1073 353 et
1103 312 1374 362 emendatos,
1405 323 1465 362 et,
1494 323 1543 352 ut
1571 312 1660 369 ipse

233 391 303 442 ait,
335 408 413 433 suo
443 390 646 444 sanguine
675 393 890 433 redemtos
921 389 1080 441 largior
1119 400 1162 431 et
1192 389 1391 430 diffusior
1419 388 1526 431 erit?
1557 390 1659 431 Non

232 480 339 525 puto
371 486 484 520 sane,
516 470 635 525 quod
667 468 801 510 otiosa
833 467 886 509 sit
916 467 1031 522 apud
1061 466 1245 508 Paulum
1262 466 1439 508 varietas
1457 465 1535 508 ista
1564 483 1657 507 ver-

232 548 412 598 borum,
458 548 577 602 quod
609 547 842 603 aliquando
873 545 1090 595 infirmos,
1120 544 1352 600 aliquando
1384 543 1551 600 impios,
1582 543 1659 585 ali-

232 625 406 680 quando
436 636 681 679 peccatores
717 622 933 672 nominat,
972 639 1053 678 pro
1096 621 1251 678 quihus
1294 621 1512 662 Christum
1541 637 1659 663 mor-

230 714 352 742 tuum
386 700 507 742 dicit:
541 712 581 742 et
622 700 812 757 quamvis
858 698 1106 756 imperitum
1147 715 1191 739 se
1221 699 1462 754 fateatur2)
1495 698 1540 740 in
1571 715 1658 740 ser-

231 796 374 829 mone,
405 795 496 819 non
525 790 670 820 tamen
702 777 910 827 arbitror,
960 777 1078 832 quod
1110 774 1154 816 in
1185 775 1247 818 his
1277 776 1348 816 ille
1379 792 1458 832 per
1485 775 1658 832 imperi—

232 857 356 907 tiam,
401 858 476 898 sed
513 855 657 912 potius
698 855 836 912 pen-³)
875 855 1140 911 profundam
1176 853 1393 895 scientiam
1431 853 1660 897 variaverit.

231 935 316 977 Per
347 936 450 976 haec
480 950 668 989 namque
704 933 785 974 tria
802 931 848 989 ⁴²)
895 948 1024 973 omne
1063 930 1227 987 peccati
1272 931 1486 984 colligitur
1517 949 1659 985 genus.

232 1012 382 1068 Aut5)
414 1011 527 1052 enim
557 1011 757 1064 ignorans
787 1011 933 1052 Deum
964 1008 1078 1065 quis,
1121 1020 1269 1065 peccat
1304 1009 1350 1050 in
1378 1009 1588 1059 tenebris,
1620 1021 1660 1049 et

230 1101 408 1131 vocatur
451 1087 628 1144 impius:
669 1098 742 1128 aut
780 1088 927 1129 volens
972 1103 1137 1127 servare
1175 1087 1448 1136 mandatum,
1477 1085 1660 1127 vincitur

228 1165 454 1219 fragilitate
483 1165 633 1215 carnis,
663 1177 706 1206 et
734 1162 945 1205 illecebris
974 1163 1206 1219 praesentis
1236 1163 1342 1204 vitae
1368 1162 1588 1218 decipitur,
1620 1174 1661 1203 et

231 1243 427 1284 infirmus
457 1243 720 1299 appellatur:
753 1253 825 1281 aut
855 1241 988 1281 sciens
1018 1241 1253 1296 volensque
1273 1239 1509 1282 contemnit
1536 1256 1658 1281 man—

231 1322 404 1370 datum,
446 1331 487 1360 et
526 1318 678 1374 oditfi)
718 1317 986 1374 disciplinam
1016 1317 1122 1368 Dei,
1163 1334 1210 1359 ac
1240 1315 1412 1375 projicit
1442 1333 1659 1359 sermones

231 1396 320 1455 ejus
350 1409 450 1454 post
481 1413 543 1448 se,
583 1407 625 1437 et
663 1408 865 1452 peccator
910 1395 1171 1436 nominatur.
1228 1396 1371 1450 Atque
1400 1394 1456 1436 ita
1486 1395 1659 1445 Paulus,

230 1475 303 1532 qui
333 1492 377 1516 se
406 1473 666 1530 imperitum,
696 1475 803 1530 ut'7)
837 1473 1030 1524 diximus,
1059 1472 1164 1528 ine)
1196 1489 1393 1514 sermone
1418 1474 1659 1530 profitetur,

228 1552 275 1595 in
304 1552 440 1594 trihus
470 1551 534 1593 his
566 1551 875 1593 diversitatibus
905 1551 1121 1601 universa,
1158 1567 1239 1606 pro
1281 1549 1435 1606 quibus
1467 1549 1659 1591 Christus

228 1629 500 1686 praedicatur
513 1628 559 1684 ⁹)
589 1640 785 1670 mortuus
819 1645 918 1678 esse,
951 1629 1197 1684 complexus
1229 1640 1301 1670 est.
1362 1627 1497 1682 Quod
1527 1625 1560 1667 si
1589 1625 1654 1666 in-

228 1708 400 1749 terdum
431 1706 557 1747 etiam
584 1705 643 1756 hi,
663 1706 733 1760 ¹⁰)
766 1705 839 1761 qui
869 1707 948 1747 sub
991 1706 1082 1758 lege
1121 1717 1231 1755 sunt,
1265 1717 1306 1746 et
1335 1705 1480 1745 Deum
1515 1703 1656 1744 colere

229 1784 438 1834 videntur,
467 1781 588 1839 impii
616 1782 662 1824 in
693 1781 923 1838 Scripturis
956 1781 1107 1824 divinis
1152 1782 1451 1823 nominantur:
1494 1779 1654 1822 idcirco

228 1917 376 1925 ——--

347 2007 391 2062 ¹)
421 2006 534 2048 Edd.
567 2004 765 2047 Merlini:
797 2007 968 2048 horum.

345 2077 392 2134 ²)
421 2077 464 2118 II
497 2077 596 2119 Cor.
626 2075 704 2125 XI,
734 2076 777 2118 6.

342 2148 389 2203 ³)
420 2149 554 2190 Deest
581 2150 713 2201 „per“
741 2145 786 2186 in
818 2146 913 2187 edd.
944 2146 1133 2190 Merlini.

343 2218 389 2273 α“)
418 2217 536 2260 Editi
567 2216 630 2272 (v.
663 2232 698 2257 e.
730 2216 826 2257 edd.
858 2216 969 2274 M.):
1002 2215 1232 2269 ‚,n0mina“
1260 2233 1363 2272 pro:
1394 2216 1539 2267 ‚‚t1·ia.“
1571 2217 1621 2257 R.

346 2290 392 2345 ⁵)
420 2288 538 2330 Editi
570 2289 628 2345 (e.
659 2305 692 2329 e.
725 2289 820 2329 edd.
852 2287 958 2342 ΜΛ)
992 2288 1107 2338 „Aut
1134 2286 1246 2327 enim
1275 2287 1474 2339 ignorans
1508 2288 1650 2328 Deum

230 2346 344 2404 quis,
384 2357 425 2386 et
462 2345 609 2386 volens
652 2350 843 2386 serva1·e“
889 2356 980 2393 etc.,
1021 2343 1183 2384 omissis
1215 2343 1375 2384 verbis:
1405 2355 1570 2401 peccat
1603 2347 1649 2384 in

227 2402 448 2453 tenebris,
480 2412 525 2442 et
554 2412 749 2443 vocatur
780 2403 975 2458 impius.-
1008 2406 1128 2441 auc.“
1159 2400 1207 2441 R.

343 2472 390 2528 6)
425 2470 513 2512 Cfr.
544 2472 698 2514 Psalm.
729 2473 776 2521 L,
808 2474 874 2516 17.
904 2470 1109 2527 (XLIX.)

343 2543 389 2599 7)
418 2543 531 2584 Edd.
560 2541 758 2583 Merlini:
789 2555 837 2583 ut
863 2543 918 2583 ita
939 2540 1131 2582 diximus.
1153 2565 1204 2572 -—
1226 2539 1313 2581 Cfr.
1342 2555 1381 2594 p.
1402 2537 1488 2596 huj.
1506 2551 1594 2580 not..
1612 2542 1650 2583 2.

343 2613 387 2669 ⁸)
419 2614 553 2654 Deest
583 2611 681 2662 „in“
703 2611 747 2653 in
769 2613 864 2653 edd.
883 2610 1069 2654 Merlini.
1102 2634 1152 2642 —-
1186 2609 1272 2650 Csr.
1302 2610 1342 2650 II
1377 2609 1476 2650 Cor.
1508 2610 1584 2659 XI,
1611 2612 1650 2653 6.

342 2683 388 2737 9)
420 2683 490 2725 Sic
528 2698 675 2723 omnes
715 2682 817 2725 Blss.
861 2695 901 2723 et
935 2683 1149 2723 Rabanus.
1214 2679 1331 2721 Editi
1371 2696 1470 2721 vero
1513 2681 1572 2736 (c.
1614 2697 1649 2722 c.

228 2741 322 2784 edd.
351 2740 461 2794 MA)
499 2738 816 2795 „praedic-atur,
859 2751 899 2781 ct
929 2750 1124 2781 mortuus
1156 2754 1242 2780 csse
1273 2748 1648 2788 commemoratur,

225 2797 470 2853 complexus
501 2802 601 2838 est.“
629 2796 680 2837 R.

315 2867 388 2923 ¹⁰)
417 2867 528 2911 Edd.
557 2866 754 2910 Merlini:
786 2865 827 2907 ii.
