<?xml version="1.0" encoding="UTF-8"?>
<!DOCTYPE html PUBLIC "-//W3C//DTD XHTML 1.0 Transitional//EN"
    "http://www.w3.org/TR/xhtml1/DTD/xhtml1-transitional.dtd">
<html xmlns="http://www.w3.org/1999/xhtml" xml:lang="en" lang="en">
 <head>
  <title>
</title>
<meta http-equiv="Content-Type" content="text/html;charset=utf-8" />
  <meta name='ocr-system' content='tesseract 3.04.00' />
  <meta name='ocr-capabilities' content='ocr_page ocr_carea ocr_par ocr_line ocrx_word'/>
</head>
<body>
  <div class='ocr_page' id='page_1' title='image "./operaomniaquaegr06orig/operaomniaquaegr06orig_0142.png"; bbox 0 0 1788 3111; ppageno 0'>
   <div class='ocr_carea' id='block_1_1' title="bbox 190 116 1280 170">
    <p class='ocr_par' dir='ltr' id='par_1_1' title="bbox 190 116 1280 170">
     <span class='ocr_line' id='line_1_1' title="bbox 190 116 1280 170; baseline -0.009 -2"><span class='ocrx_word' id='word_1_1' title='bbox 190 126 273 170; x_wconf 89' lang='grc'><strong>130</strong></span> <span class='ocrx_word' id='word_1_2' title='bbox 526 120 748 162; x_wconf 71' lang='lat' dir='ltr'><strong>Omenms</strong></span> <span class='ocrx_word' id='word_1_3' title='bbox 778 131 824 161; x_wconf 76' lang='lat' dir='ltr'><strong>m</strong></span> <span class='ocrx_word' id='word_1_4' title='bbox 852 122 930 162; x_wconf 78' lang='grc' dir='ltr'><strong>ΕΡ.</strong></span> <span class='ocrx_word' id='word_1_5' title='bbox 962 129 1021 159; x_wconf 75' lang='lat' dir='ltr'><strong>An</strong></span> <span class='ocrx_word' id='word_1_6' title='bbox 1054 116 1280 158; x_wconf 68' lang='lat' dir='ltr'><strong>RomAuos</strong></span> 
     </span>
    </p>
   </div>
   <div class='ocr_carea' id='block_1_2' title="bbox 194 227 1636 2297">
    <p class='ocr_par' dir='ltr' id='par_1_2' title="bbox 194 227 1636 2297">
     <span class='ocr_line' id='line_1_2' title="bbox 194 227 1621 280; baseline -0.008 -2"><span class='ocrx_word' id='word_1_7' title='bbox 194 236 399 280; x_wconf 82' lang='lat' dir='ltr'><strong>Gentium</strong></span> <span class='ocrx_word' id='word_1_8' title='bbox 431 231 656 275; x_wconf 83' lang='lat' dir='ltr'><strong>veniebant</strong></span> <span class='ocrx_word' id='word_1_9' title='bbox 686 232 879 280; x_wconf 77' lang='lat' dir='ltr'><strong>adorare,</strong></span> <span class='ocrx_word' id='word_1_10' title='bbox 911 242 951 272; x_wconf 87' lang='lat' dir='ltr'><strong>et</strong></span> <span class='ocrx_word' id='word_1_11' title='bbox 982 232 1141 271; x_wconf 82' lang='lat' dir='ltr'><strong>offerre</strong></span> <span class='ocrx_word' id='word_1_12' title='bbox 1171 227 1387 270; x_wconf 82' lang='lat' dir='ltr'><strong>sacrificia.</strong></span> <span class='ocrx_word' id='word_1_13' title='bbox 1434 227 1521 269; x_wconf 84' lang='lat' dir='ltr'><strong>Sed</strong></span> <span class='ocrx_word' id='word_1_14' title='bbox 1540 227 1621 267; x_wconf 87' lang='lat' dir='ltr'><strong>hoc</strong></span> 
     </span>
     <span class='ocr_line' id='line_1_3' title="bbox 195 306 1623 371; baseline -0.008 -16"><span class='ocrx_word' id='word_1_15' title='bbox 195 313 400 371; x_wconf 79' lang='lat' dir='ltr'><strong>quoniam</strong></span> <span class='ocrx_word' id='word_1_16' title='bbox 430 311 476 353; x_wconf 90' lang='lat' dir='ltr'><strong>in</strong></span> <span class='ocrx_word' id='word_1_17' title='bbox 504 311 603 352; x_wconf 91' lang='lat' dir='ltr'><strong>loco</strong></span> <span class='ocrx_word' id='word_1_18' title='bbox 643 326 732 351; x_wconf 88' lang='lat' dir='ltr'><strong>uno</strong></span> <span class='ocrx_word' id='word_1_19' title='bbox 772 309 1075 349; x_wconf 78' lang='lat' dir='ltr'><strong>tantummodo</strong></span> <span class='ocrx_word' id='word_1_20' title='bbox 1113 306 1206 347; x_wconf 83' lang='lat' dir='ltr'><strong>fieri</strong></span> <span class='ocrx_word' id='word_1_21' title='bbox 1235 317 1512 361; x_wconf 82' lang='lat' dir='ltr'><strong>praeceptum</strong></span> <span class='ocrx_word' id='word_1_22' title='bbox 1550 316 1623 354; x_wconf 82' lang='lat' dir='ltr'><strong>est,</strong></span> 
     </span>
     <span class='ocr_line' id='line_1_4' title="bbox 195 381 1620 446; baseline -0.008 -14"><span class='ocrx_word' id='word_1_23' title='bbox 195 394 248 432; x_wconf 88' lang='lat' dir='ltr'><strong>de</strong></span> <span class='ocrx_word' id='word_1_24' title='bbox 280 407 366 446; x_wconf 92' lang='lat' dir='ltr'><strong>quo</strong></span> <span class='ocrx_word' id='word_1_25' title='bbox 399 388 524 430; x_wconf 85' lang='lat' dir='ltr'><strong>etiam</strong></span> <span class='ocrx_word' id='word_1_26' title='bbox 554 387 622 428; x_wconf 82' lang='lat' dir='ltr'><strong>hic</strong></span> <span class='ocrx_word' id='word_1_27' title='bbox 653 388 839 436; x_wconf 78' lang='lat' dir='ltr'><strong>mandat,</strong></span> <span class='ocrx_word' id='word_1_28' title='bbox 870 398 919 427; x_wconf 89' lang='lat' dir='ltr'><strong>ut</strong></span> <span class='ocrx_word' id='word_1_29' title='bbox 948 387 1002 427; x_wconf 76' lang='lat' dir='ltr'><strong>ad</strong></span> <span class='ocrx_word' id='word_1_30' title='bbox 1026 385 1182 426; x_wconf 86' lang='lat' dir='ltr'><strong>ostium</strong></span> <span class='ocrx_word' id='word_1_31' title='bbox 1204 382 1468 424; x_wconf 78' lang='lat' dir='ltr'>tabernaculi</span> <span class='ocrx_word' id='word_1_32' title='bbox 1498 381 1620 439; x_wconf 83' lang='lat' dir='ltr'><strong>jugu-</strong></span> 
     </span>
     <span class='ocr_line' id='line_1_5' title="bbox 196 458 1621 519; baseline -0.008 -10"><span class='ocrx_word' id='word_1_33' title='bbox 196 470 324 509; x_wconf 81' lang='lat' dir='ltr'><strong>landa</strong></span> <span class='ocrx_word' id='word_1_34' title='bbox 353 465 520 508; x_wconf 75' lang='lat' dir='ltr'><strong>victima</strong></span> <span class='ocrx_word' id='word_1_35' title='bbox 562 462 879 519; x_wconf 76' lang='lat' dir='ltr'><strong>deducatur‚¹)</strong></span> <span class='ocrx_word' id='word_1_36' title='bbox 920 463 1082 504; x_wconf 78' lang='lat' dir='ltr'><strong>tamdiu</strong></span> <span class='ocrx_word' id='word_1_37' title='bbox 1121 460 1263 517; x_wconf 85' lang='lat' dir='ltr'><strong>potuit</strong></span> <span class='ocrx_word' id='word_1_38' title='bbox 1304 459 1479 512; x_wconf 78' lang='lat' dir='ltr'><strong>legitimi</strong></span> <span class='ocrx_word' id='word_1_39' title='bbox 1516 458 1621 509; x_wconf 86' lang='lat' dir='ltr'><strong>fieri,</strong></span> 
     </span>
     <span class='ocr_line' id='line_1_6' title="bbox 197 536 1622 602; baseline -0.008 -16"><span class='ocrx_word' id='word_1_40' title='bbox 197 543 402 602; x_wconf 76' lang='lat' dir='ltr'>quamdiu</span> <span class='ocrx_word' id='word_1_41' title='bbox 440 555 570 584; x_wconf 77' lang='lat' dir='ltr'><strong>status</strong></span> <span class='ocrx_word' id='word_1_42' title='bbox 615 541 701 583; x_wconf 85' lang='lat' dir='ltr'><strong>loci</strong></span> <span class='ocrx_word' id='word_1_43' title='bbox 745 541 977 596; x_wconf 76' lang='lat' dir='ltr'>permansit</span> <span class='ocrx_word' id='word_1_44' title='bbox 1021 537 1260 580; x_wconf 87' lang='lat' dir='ltr'><strong>incolumis.</strong></span> <span class='ocrx_word' id='word_1_45' title='bbox 1337 536 1539 592; x_wconf 84' lang='lat' dir='ltr'><strong>Denique</strong></span> <span class='ocrx_word' id='word_1_46' title='bbox 1586 547 1622 576; x_wconf 70' lang='lat' dir='ltr'><strong>et</strong></span> 
     </span>
     <span class='ocr_line' id='line_1_7' title="bbox 200 613 1627 674; baseline -0.009 -9"><span class='ocrx_word' id='word_1_47' title='bbox 200 624 397 666; x_wconf 78' lang='lat' dir='ltr'>Salvator</span> <span class='ocrx_word' id='word_1_48' title='bbox 417 623 471 662; x_wconf 79' lang='lat' dir='ltr'><strong>ad</strong></span> <span class='ocrx_word' id='word_1_49' title='bbox 492 621 589 661; x_wconf 85' lang='lat' dir='ltr'><strong>illos</strong></span> <span class='ocrx_word' id='word_1_50' title='bbox 609 621 756 660; x_wconf 84' lang='lat' dir='ltr'><strong>decem</strong></span> <span class='ocrx_word' id='word_1_51' title='bbox 774 619 979 674; x_wconf 82' lang='lat' dir='ltr'><strong>leprosos,</strong></span> <span class='ocrx_word' id='word_1_52' title='bbox 1013 634 1119 673; x_wconf 88' lang='lat' dir='ltr'><strong>quos</strong></span> <span class='ocrx_word' id='word_1_53' title='bbox 1136 621 1436 656; x_wconf 75' lang='lat' dir='ltr'><strong>mundaverat:</strong></span> <span class='ocrx_word' id='word_1_54' title='bbox 1468 613 1564 664; x_wconf 85' lang='lat' dir='ltr'><strong>‚‚ite,</strong></span> <span class='ocrx_word' id='word_1_55' title='bbox 1580 614 1627 667; x_wconf 83' lang='lat'><strong>²)</strong></span> 
     </span>
     <span class='ocr_line' id='line_1_8' title="bbox 195 690 1627 756; baseline -0.008 -15"><span class='ocrx_word' id='word_1_56' title='bbox 195 699 355 756; x_wconf 84' lang='lat' dir='ltr'><strong>inquit,</strong></span> <span class='ocrx_word' id='word_1_57' title='bbox 387 711 427 739; x_wconf 88' lang='lat' dir='ltr'><strong>et</strong></span> <span class='ocrx_word' id='word_1_58' title='bbox 459 696 671 738; x_wconf 82' lang='lat' dir='ltr'><strong>ostendite</strong></span> <span class='ocrx_word' id='word_1_59' title='bbox 701 713 773 736; x_wconf 87' lang='lat' dir='ltr'><strong>vos</strong></span> <span class='ocrx_word' id='word_1_60' title='bbox 805 694 1035 736; x_wconf 75' lang='lat' dir='ltr'><strong>sacerdoti:</strong></span> <span class='ocrx_word' id='word_1_61' title='bbox 1079 706 1118 734; x_wconf 80' lang='lat' dir='ltr'><strong>et</strong></span> <span class='ocrx_word' id='word_1_62' title='bbox 1150 695 1302 734; x_wconf 81' lang='lat' dir='ltr'><strong>offerte</strong></span> <span class='ocrx_word' id='word_1_63' title='bbox 1318 692 1364 748; x_wconf 75' lang='grc'><strong>3)</strong></span> <span class='ocrx_word' id='word_1_64' title='bbox 1393 709 1475 747; x_wconf 91' lang='lat' dir='ltr'><strong>pro</strong></span> <span class='ocrx_word' id='word_1_65' title='bbox 1506 690 1627 731; x_wconf 85' lang='lat' dir='ltr'><strong>vobis</strong></span> 
     </span>
     <span class='ocr_line' id='line_1_9' title="bbox 197 767 1627 829; baseline -0.008 -11"><span class='ocrx_word' id='word_1_66' title='bbox 197 776 378 825; x_wconf 82' lang='lat' dir='ltr'><strong>hostias,</strong></span> <span class='ocrx_word' id='word_1_67' title='bbox 408 775 516 816; x_wconf 89' lang='lat' dir='ltr'><strong>sicut</strong></span> <span class='ocrx_word' id='word_1_68' title='bbox 552 772 768 829; x_wconf 80' lang='lat' dir='ltr'><strong>praecepit</strong></span> <span class='ocrx_word' id='word_1_69' title='bbox 806 774 1011 814; x_wconf 41' lang='lat' dir='ltr'><strong>Moses&amp;</strong></span> <span class='ocrx_word' id='word_1_70' title='bbox 1054 787 1101 811; x_wconf 79' lang='lat' dir='ltr'><strong>ex</strong></span> <span class='ocrx_word' id='word_1_71' title='bbox 1141 769 1295 826; x_wconf 86' lang='lat' dir='ltr'><strong>quibus</strong></span> <span class='ocrx_word' id='word_1_72' title='bbox 1326 786 1423 809; x_wconf 88' lang='lat' dir='ltr'><strong>cum</strong></span> <span class='ocrx_word' id='word_1_73' title='bbox 1453 785 1565 808; x_wconf 85' lang='lat' dir='ltr'><strong>uuus</strong></span> <span class='ocrx_word' id='word_1_74' title='bbox 1583 767 1627 820; x_wconf 66' lang='grc'><strong>4)</strong></span> 
     </span>
     <span class='ocr_line' id='line_1_10' title="bbox 198 843 1627 907; baseline -0.007 -12"><span class='ocrx_word' id='word_1_75' title='bbox 198 870 405 907; x_wconf 82' lang='lat' dir='ltr'><strong>regressus</strong></span> <span class='ocrx_word' id='word_1_76' title='bbox 446 852 594 892; x_wconf 79' lang='lat' dir='ltr'><strong>suisset</strong></span> <span class='ocrx_word' id='word_1_77' title='bbox 632 852 687 892; x_wconf 75' lang='lat' dir='ltr'><strong>ad</strong></span> <span class='ocrx_word' id='word_1_78' title='bbox 719 850 983 893; x_wconf 77' lang='lat' dir='ltr'><strong>salvatorem</strong></span> <span class='ocrx_word' id='word_1_79' title='bbox 1014 848 1164 901; x_wconf 80' lang='lat' dir='ltr'><strong>gratias</strong></span> <span class='ocrx_word' id='word_1_80' title='bbox 1196 865 1341 900; x_wconf 77' lang='lat' dir='ltr'><strong>agens,</strong></span> <span class='ocrx_word' id='word_1_81' title='bbox 1384 847 1441 887; x_wconf 79' lang='lat' dir='ltr'><strong>ait</strong></span> <span class='ocrx_word' id='word_1_82' title='bbox 1471 843 1627 886; x_wconf 80' lang='lat' dir='ltr'><strong>Domi-</strong></span> 
     </span>
     <span class='ocr_line' id='line_1_11' title="bbox 199 920 1626 984; baseline -0.006 -13"><span class='ocrx_word' id='word_1_83' title='bbox 199 949 300 972; x_wconf 89' lang='lat' dir='ltr'><strong>nus:</strong></span> <span class='ocrx_word' id='word_1_84' title='bbox 332 945 504 980; x_wconf 84' lang='lat' dir='ltr'><strong>„nonne</strong></span> <span class='ocrx_word' id='word_1_85' title='bbox 522 928 567 984; x_wconf 82' lang='grc'><strong>5)</strong></span> <span class='ocrx_word' id='word_1_86' title='bbox 599 930 747 969; x_wconf 88' lang='lat' dir='ltr'><strong>decem</strong></span> <span class='ocrx_word' id='word_1_87' title='bbox 776 927 943 982; x_wconf 75' lang='lat' dir='ltr'><strong>purgati</strong></span> <span class='ocrx_word' id='word_1_88' title='bbox 974 926 1103 967; x_wconf 84' lang='lat' dir='ltr'><strong>sunt?</strong></span> <span class='ocrx_word' id='word_1_89' title='bbox 1136 925 1213 966; x_wconf 82' lang='lat' dir='ltr'><strong>ubi</strong></span> <span class='ocrx_word' id='word_1_90' title='bbox 1233 937 1331 966; x_wconf 88' lang='lat' dir='ltr'><strong>sunt</strong></span> <span class='ocrx_word' id='word_1_91' title='bbox 1361 924 1423 964; x_wconf 85' lang='lat' dir='ltr'><strong>illi</strong></span> <span class='ocrx_word' id='word_1_92' title='bbox 1442 920 1626 963; x_wconf 82' lang='lat' dir='ltr'><strong>novem?</strong></span> 
     </span>
     <span class='ocr_line' id='line_1_12' title="bbox 200 999 1629 1060; baseline -0.008 -10"><span class='ocrx_word' id='word_1_93' title='bbox 200 1011 302 1050; x_wconf 86' lang='lat' dir='ltr'><strong>Non</strong></span> <span class='ocrx_word' id='word_1_94' title='bbox 334 1019 394 1048; x_wconf 87' lang='lat' dir='ltr'><strong>est</strong></span> <span class='ocrx_word' id='word_1_95' title='bbox 423 1006 638 1055; x_wconf 85' lang='lat' dir='ltr'><strong>inventus,</strong></span> <span class='ocrx_word' id='word_1_96' title='bbox 679 1004 751 1060; x_wconf 88' lang='lat' dir='ltr'><strong>qui</strong></span> <span class='ocrx_word' id='word_1_97' title='bbox 782 1005 940 1045; x_wconf 75' lang='lat' dir='ltr'>rediret</span> <span class='ocrx_word' id='word_1_98' title='bbox 970 1015 1011 1044; x_wconf 86' lang='lat' dir='ltr'><strong>et</strong></span> <span class='ocrx_word' id='word_1_99' title='bbox 1041 1003 1190 1056; x_wconf 78' lang='lat' dir='ltr'><strong>gratias</strong></span> <span class='ocrx_word' id='word_1_100' title='bbox 1221 1013 1359 1055; x_wconf 75' lang='lat' dir='ltr'><strong>ageret</strong></span> <span class='ocrx_word' id='word_1_101' title='bbox 1390 1002 1511 1049; x_wconf 72' lang='lat' dir='ltr'><strong>Deo,</strong></span> <span class='ocrx_word' id='word_1_102' title='bbox 1550 999 1629 1041; x_wconf 82' lang='lat' dir='ltr'><strong>nisi</strong></span> 
     </span>
     <span class='ocr_line' id='line_1_13' title="bbox 199 1079 1629 1137; baseline -0.006 -11"><span class='ocrx_word' id='word_1_103' title='bbox 199 1086 267 1127; x_wconf 87' lang='lat' dir='ltr'><strong>hic</strong></span> <span class='ocrx_word' id='word_1_104' title='bbox 308 1083 540 1136; x_wconf 77' lang='lat' dir='ltr'>alienigena</span> <span class='ocrx_word' id='word_1_105' title='bbox 566 1088 589 1106; x_wconf 92' lang='lat'><strong>“</strong></span> <span class='ocrx_word' id='word_1_106' title='bbox 648 1083 709 1122; x_wconf 82' lang='lat' dir='ltr'><strong>Ita</strong></span> <span class='ocrx_word' id='word_1_107' title='bbox 752 1098 850 1134; x_wconf 84' lang='lat' dir='ltr'><strong>ergo</strong></span> <span class='ocrx_word' id='word_1_108' title='bbox 893 1094 1113 1122; x_wconf 74' lang='lat' dir='ltr'><strong>constante</strong></span> <span class='ocrx_word' id='word_1_109' title='bbox 1151 1079 1301 1137; x_wconf 88' lang='lat' dir='ltr'><strong>templi</strong></span> <span class='ocrx_word' id='word_1_110' title='bbox 1331 1091 1461 1129; x_wconf 79' lang='lat' dir='ltr'><strong>statu,</strong></span> <span class='ocrx_word' id='word_1_111' title='bbox 1504 1079 1629 1119; x_wconf 79' lang='lat' dir='ltr'><strong>etiam</strong></span> 
     </span>
     <span class='ocr_line' id='line_1_14' title="bbox 201 1156 1630 1215; baseline -0.006 -11"><span class='ocrx_word' id='word_1_112' title='bbox 201 1161 444 1215; x_wconf 80' lang='lat' dir='ltr'><strong>alienigenis</strong></span> <span class='ocrx_word' id='word_1_113' title='bbox 477 1158 689 1200; x_wconf 81' lang='lat' dir='ltr'><strong>offerendi</strong></span> <span class='ocrx_word' id='word_1_114' title='bbox 719 1158 921 1200; x_wconf 72' lang='lat' dir='ltr'><strong>sacrificia</strong></span> <span class='ocrx_word' id='word_1_115' title='bbox 950 1159 1081 1199; x_wconf 81' lang='lat' dir='ltr'><strong>moris</strong></span> <span class='ocrx_word' id='word_1_116' title='bbox 1111 1159 1215 1199; x_wconf 85' lang='lat' dir='ltr'><strong>fuit:</strong></span> <span class='ocrx_word' id='word_1_117' title='bbox 1247 1175 1362 1199; x_wconf 87' lang='lat' dir='ltr'><strong>nunc</strong></span> <span class='ocrx_word' id='word_1_118' title='bbox 1392 1173 1493 1198; x_wconf 75' lang='lat' dir='ltr'><strong>vero</strong></span> <span class='ocrx_word' id='word_1_119' title='bbox 1527 1156 1630 1211; x_wconf 86' lang='lat' dir='ltr'><strong>quid</strong></span> 
     </span>
     <span class='ocr_line' id='line_1_15' title="bbox 203 1233 1629 1297; baseline -0.006 -15"><span class='ocrx_word' id='word_1_120' title='bbox 203 1240 444 1297; x_wconf 77' lang='lat' dir='ltr'><strong>exposcitur</strong></span> <span class='ocrx_word' id='word_1_121' title='bbox 475 1239 528 1278; x_wconf 81' lang='lat' dir='ltr'><strong>ab</strong></span> <span class='ocrx_word' id='word_1_122' title='bbox 559 1236 743 1286; x_wconf 78' lang='lat' dir='ltr'><strong>advenis,</strong></span> <span class='ocrx_word' id='word_1_123' title='bbox 777 1237 896 1292; x_wconf 86' lang='lat' dir='ltr'><strong>quod</strong></span> <span class='ocrx_word' id='word_1_124' title='bbox 928 1236 1126 1276; x_wconf 79' lang='lat' dir='ltr'><strong>exhibere</strong></span> <span class='ocrx_word' id='word_1_125' title='bbox 1155 1252 1211 1276; x_wconf 87' lang='lat' dir='ltr'><strong>ne</strong></span> <span class='ocrx_word' id='word_1_126' title='bbox 1239 1234 1425 1290; x_wconf 88' lang='lat' dir='ltr'><strong>propriis</strong></span> <span class='ocrx_word' id='word_1_127' title='bbox 1458 1233 1629 1289; x_wconf 86' lang='lat' dir='ltr'><strong>quidem</strong></span> 
     </span>
     <span class='ocr_line' id='line_1_16' title="bbox 203 1311 1631 1359; baseline -0.006 0"><span class='ocrx_word' id='word_1_128' title='bbox 203 1317 440 1359; x_wconf 84' lang='lat' dir='ltr'><strong>cultoribus</strong></span> <span class='ocrx_word' id='word_1_129' title='bbox 471 1313 602 1355; x_wconf 81' lang='lat' dir='ltr'><strong>licet?</strong></span> <span class='ocrx_word' id='word_1_130' title='bbox 663 1314 780 1354; x_wconf 78' lang='lat' dir='ltr'><strong>Haec</strong></span> <span class='ocrx_word' id='word_1_131' title='bbox 812 1325 954 1353; x_wconf 77' lang='lat' dir='ltr'><strong>autem</strong></span> <span class='ocrx_word' id='word_1_132' title='bbox 988 1312 1128 1354; x_wconf 72' lang='lat' dir='ltr'><strong>omnia</strong></span> <span class='ocrx_word' id='word_1_133' title='bbox 1172 1312 1283 1353; x_wconf 82' lang='lat' dir='ltr'><strong>dicta</strong></span> <span class='ocrx_word' id='word_1_134' title='bbox 1313 1323 1411 1353; x_wconf 81' lang='lat' dir='ltr'><strong>sunt</strong></span> <span class='ocrx_word' id='word_1_135' title='bbox 1441 1328 1463 1352; x_wconf 82' lang='lat' dir='ltr'>a</span> <span class='ocrx_word' id='word_1_136' title='bbox 1494 1311 1631 1358; x_wconf 84' lang='lat' dir='ltr'><strong>nobis,</strong></span> 
     </span>
     <span class='ocr_line' id='line_1_17' title="bbox 202 1389 1630 1446; baseline -0.006 -9"><span class='ocrx_word' id='word_1_137' title='bbox 202 1407 250 1437; x_wconf 84' lang='lat' dir='ltr'><strong>ut</strong></span> <span class='ocrx_word' id='word_1_138' title='bbox 283 1395 625 1441; x_wconf 83' lang='lat' dir='ltr'><strong>ostenderemus,</strong></span> <span class='ocrx_word' id='word_1_139' title='bbox 667 1402 822 1446; x_wconf 78' lang='lat' dir='ltr'><strong>quanta</strong></span> <span class='ocrx_word' id='word_1_140' title='bbox 862 1390 914 1431; x_wconf 85' lang='lat' dir='ltr'><strong>sit</strong></span> <span class='ocrx_word' id='word_1_141' title='bbox 953 1390 997 1430; x_wconf 86' lang='lat' dir='ltr'><strong>in</strong></span> <span class='ocrx_word' id='word_1_142' title='bbox 1037 1391 1127 1443; x_wconf 82' lang='lat' dir='ltr'><strong>lege</strong></span> <span class='ocrx_word' id='word_1_143' title='bbox 1163 1389 1375 1431; x_wconf 83' lang='lat' dir='ltr'><strong>distinctio</strong></span> <span class='ocrx_word' id='word_1_144' title='bbox 1405 1389 1630 1429; x_wconf 80' lang='lat' dir='ltr'><strong>mandato-</strong></span> 
     </span>
     <span class='ocr_line' id='line_1_18' title="bbox 203 1467 1631 1526; baseline -0.006 -12"><span class='ocrx_word' id='word_1_145' title='bbox 203 1490 320 1523; x_wconf 87' lang='lat' dir='ltr'><strong>rum,</strong></span> <span class='ocrx_word' id='word_1_146' title='bbox 364 1483 405 1512; x_wconf 80' lang='lat' dir='ltr'><strong>ct</strong></span> <span class='ocrx_word' id='word_1_147' title='bbox 443 1468 673 1526; x_wconf 75' lang='lat' dir='ltr'><strong>praecipue</strong></span> <span class='ocrx_word' id='word_1_148' title='bbox 703 1479 751 1508; x_wconf 90' lang='lat' dir='ltr'><strong>ut</strong></span> <span class='ocrx_word' id='word_1_149' title='bbox 782 1469 835 1509; x_wconf 88' lang='lat' dir='ltr'><strong>de</strong></span> <span class='ocrx_word' id='word_1_150' title='bbox 867 1467 1200 1509; x_wconf 77' lang='lat' dir='ltr'><strong>circumcisionis</strong></span> <span class='ocrx_word' id='word_1_151' title='bbox 1240 1478 1470 1523; x_wconf 75' lang='lat' dir='ltr'><strong>praecepto</strong></span> <span class='ocrx_word' id='word_1_152' title='bbox 1503 1467 1631 1506; x_wconf 83' lang='lat' dir='ltr'><strong>doce-</strong></span> 
     </span>
     <span class='ocr_line' id='line_1_19' title="bbox 202 1544 1633 1605; baseline -0.006 -13"><span class='ocrx_word' id='word_1_153' title='bbox 202 1567 357 1598; x_wconf 84' lang='lat' dir='ltr'><strong>remus,</strong></span> <span class='ocrx_word' id='word_1_154' title='bbox 390 1549 509 1605; x_wconf 86' lang='lat' dir='ltr'><strong>quod</strong></span> <span class='ocrx_word' id='word_1_155' title='bbox 538 1564 629 1588; x_wconf 86' lang='lat' dir='ltr'><strong>non</strong></span> <span class='ocrx_word' id='word_1_156' title='bbox 660 1545 763 1597; x_wconf 80' lang='lat' dir='ltr'><strong>aliis,</strong></span> <span class='ocrx_word' id='word_1_157' title='bbox 796 1562 923 1601; x_wconf 79' lang='lat' dir='ltr'><strong>quam</strong></span> <span class='ocrx_word' id='word_1_158' title='bbox 955 1545 1039 1595; x_wconf 84' lang='lat' dir='ltr'><strong>his,</strong></span> <span class='ocrx_word' id='word_1_159' title='bbox 1072 1544 1145 1600; x_wconf 86' lang='lat' dir='ltr'><strong>qui</strong></span> <span class='ocrx_word' id='word_1_160' title='bbox 1176 1561 1225 1586; x_wconf 84' lang='lat' dir='ltr'><strong>ex</strong></span> <span class='ocrx_word' id='word_1_161' title='bbox 1256 1546 1474 1585; x_wconf 81' lang='lat' dir='ltr'><strong>Abraham</strong></span> <span class='ocrx_word' id='word_1_162' title='bbox 1504 1560 1633 1596; x_wconf 87' lang='lat' dir='ltr'><strong>genus</strong></span> 
     </span>
     <span class='ocr_line' id='line_1_20' title="bbox 205 1619 1632 1679; baseline -0.006 -11"><span class='ocrx_word' id='word_1_163' title='bbox 205 1630 386 1676; x_wconf 85' lang='lat' dir='ltr'><strong>ducunt,</strong></span> <span class='ocrx_word' id='word_1_164' title='bbox 428 1623 751 1679; x_wconf 80' lang='lat' dir='ltr'><strong>vernaculisque</strong></span> <span class='ocrx_word' id='word_1_165' title='bbox 783 1639 954 1672; x_wconf 86' lang='lat' dir='ltr'><strong>eorum,</strong></span> <span class='ocrx_word' id='word_1_166' title='bbox 993 1623 1059 1662; x_wconf 84' lang='lat' dir='ltr'><strong>vel</strong></span> <span class='ocrx_word' id='word_1_167' title='bbox 1097 1622 1236 1677; x_wconf 88' lang='lat' dir='ltr'><strong>pretio</strong></span> <span class='ocrx_word' id='word_1_168' title='bbox 1271 1621 1391 1662; x_wconf 87' lang='lat' dir='ltr'><strong>emtis</strong></span> <span class='ocrx_word' id='word_1_169' title='bbox 1424 1632 1529 1661; x_wconf 85' lang='lat' dir='ltr'><strong>essct</strong></span> <span class='ocrx_word' id='word_1_170' title='bbox 1567 1619 1632 1659; x_wconf 83' lang='lat' dir='ltr'><strong>in—</strong></span> 
     </span>
     <span class='ocr_line' id='line_1_21' title="bbox 204 1697 1633 1761; baseline -0.006 -16"><span class='ocrx_word' id='word_1_171' title='bbox 204 1704 422 1761; x_wconf 84' lang='lat' dir='ltr'><strong>junctum:</strong></span> <span class='ocrx_word' id='word_1_172' title='bbox 462 1701 623 1742; x_wconf 91' lang='lat' dir='ltr'><strong>liberos</strong></span> <span class='ocrx_word' id='word_1_173' title='bbox 652 1716 753 1740; x_wconf 88' lang='lat' dir='ltr'><strong>vero</strong></span> <span class='ocrx_word' id='word_1_174' title='bbox 797 1716 883 1741; x_wconf 89' lang='lat' dir='ltr'><strong>esse</strong></span> <span class='ocrx_word' id='word_1_175' title='bbox 922 1700 975 1740; x_wconf 86' lang='lat' dir='ltr'><strong>ab</strong></span> <span class='ocrx_word' id='word_1_176' title='bbox 1008 1698 1309 1756; x_wconf 86' lang='lat' dir='ltr'><strong>hujuscemodi</strong></span> <span class='ocrx_word' id='word_1_177' title='bbox 1346 1697 1509 1750; x_wconf 85' lang='lat' dir='ltr'><strong>legibus</strong></span> <span class='ocrx_word' id='word_1_178' title='bbox 1548 1714 1633 1744; x_wconf 84' lang='lat' dir='ltr'><strong>eos,</strong></span> 
     </span>
     <span class='ocr_line' id='line_1_22' title="bbox 207 1774 1634 1837; baseline -0.005 -15"><span class='ocrx_word' id='word_1_179' title='bbox 207 1781 279 1837; x_wconf 88' lang='lat' dir='ltr'><strong>qui</strong></span> <span class='ocrx_word' id='word_1_180' title='bbox 316 1796 394 1836; x_wconf 84' lang='lat' dir='ltr'><strong>per</strong></span> <span class='ocrx_word' id='word_1_181' title='bbox 436 1778 653 1820; x_wconf 80' lang='lat' dir='ltr'><strong>Christum</strong></span> <span class='ocrx_word' id='word_1_182' title='bbox 691 1778 789 1817; x_wconf 89' lang='lat' dir='ltr'><strong>Deo</strong></span> <span class='ocrx_word' id='word_1_183' title='bbox 833 1793 880 1817; x_wconf 79' lang='lat' dir='ltr'><strong>ex</strong></span> <span class='ocrx_word' id='word_1_184' title='bbox 926 1776 1138 1818; x_wconf 82' lang='lat' dir='ltr'><strong>Gentibus</strong></span> <span class='ocrx_word' id='word_1_185' title='bbox 1181 1777 1373 1817; x_wconf 82' lang='lat' dir='ltr'><strong>credunt.</strong></span> <span class='ocrx_word' id='word_1_186' title='bbox 1449 1774 1573 1829; x_wconf 82' lang='lat' dir='ltr'><strong>Quae</strong></span> <span class='ocrx_word' id='word_1_187' title='bbox 1590 1774 1634 1830; x_wconf 79' lang='grc'><strong>6)</strong></span> 
     </span>
     <span class='ocr_line' id='line_1_23' title="bbox 205 1851 1633 1909; baseline -0.005 -10"><span class='ocrx_word' id='word_1_188' title='bbox 205 1870 350 1900; x_wconf 78' lang='lat' dir='ltr'><strong>tamen</strong></span> <span class='ocrx_word' id='word_1_189' title='bbox 378 1856 538 1897; x_wconf 88' lang='lat' dir='ltr'><strong>idcirco</strong></span> <span class='ocrx_word' id='word_1_190' title='bbox 569 1854 740 1896; x_wconf 79' lang='lat' dir='ltr'><strong>interim</strong></span> <span class='ocrx_word' id='word_1_191' title='bbox 775 1855 937 1909; x_wconf 78' lang='lat' dir='ltr'><strong>absque</strong></span> <span class='ocrx_word' id='word_1_192' title='bbox 971 1852 1100 1893; x_wconf 83' lang='lat' dir='ltr'><strong>ullius</strong></span> <span class='ocrx_word' id='word_1_193' title='bbox 1138 1853 1364 1904; x_wconf 78' lang='lat' dir='ltr'><strong>allegoriae</strong></span> <span class='ocrx_word' id='word_1_194' title='bbox 1395 1851 1633 1909; x_wconf 77' lang='lat' dir='ltr'><strong>adjectione</strong></span> 
     </span>
     <span class='ocr_line' id='line_1_24' title="bbox 209 1929 1633 1987; baseline -0.005 -11"><span class='ocrx_word' id='word_1_195' title='bbox 209 1934 490 1983; x_wconf 83' lang='lat' dir='ltr'><strong>discussimus,</strong></span> <span class='ocrx_word' id='word_1_196' title='bbox 521 1948 576 1972; x_wconf 86' lang='lat' dir='ltr'><strong>ne</strong></span> <span class='ocrx_word' id='word_1_197' title='bbox 608 1948 702 1987; x_wconf 82' lang='lat' dir='ltr'><strong>qua,</strong></span> <span class='ocrx_word' id='word_1_198' title='bbox 733 1942 781 1971; x_wconf 89' lang='lat' dir='ltr'><strong>ut</strong></span> <span class='ocrx_word' id='word_1_199' title='bbox 811 1931 939 1980; x_wconf 81' lang='lat' dir='ltr'><strong>solet,</strong></span> <span class='ocrx_word' id='word_1_200' title='bbox 970 1929 1047 1980; x_wconf 84' lang='lat' dir='ltr'><strong>his,</strong></span> <span class='ocrx_word' id='word_1_201' title='bbox 1080 1929 1214 1985; x_wconf 75' lang='lat' dir='ltr'><strong>qui7)</strong></span> <span class='ocrx_word' id='word_1_202' title='bbox 1245 1942 1341 1971; x_wconf 91' lang='lat' dir='ltr'><strong>sunt</strong></span> <span class='ocrx_word' id='word_1_203' title='bbox 1373 1946 1419 1970; x_wconf 85' lang='lat' dir='ltr'><strong>ex</strong></span> <span class='ocrx_word' id='word_1_204' title='bbox 1452 1929 1633 1974; x_wconf 85' lang='lat' dir='ltr'><strong>circum-</strong></span> 
     </span>
     <span class='ocr_line' id='line_1_25' title="bbox 209 2007 1635 2065; baseline -0.004 -11"><span class='ocrx_word' id='word_1_205' title='bbox 209 2012 380 2061; x_wconf 86' lang='lat' dir='ltr'><strong>cisione,</strong></span> <span class='ocrx_word' id='word_1_206' title='bbox 413 2008 689 2065; x_wconf 87' lang='lat' dir='ltr'><strong>obstrependi</strong></span> <span class='ocrx_word' id='word_1_207' title='bbox 721 2009 944 2049; x_wconf 83' lang='lat' dir='ltr'><strong>adversum</strong></span> <span class='ocrx_word' id='word_1_208' title='bbox 973 2007 1192 2048; x_wconf 79' lang='lat' dir='ltr'><strong>veritatem</strong></span> <span class='ocrx_word' id='word_1_209' title='bbox 1223 2007 1426 2049; x_wconf 86' lang='lat' dir='ltr'><strong>resideret</strong></span> <span class='ocrx_word' id='word_1_210' title='bbox 1456 2007 1635 2048; x_wconf 82' lang='lat' dir='ltr'><strong>occasio.</strong></span> 
     </span>
     <span class='ocr_line' id='line_1_26' title="bbox 210 2085 1636 2140; baseline -0.004 -9"><span class='ocrx_word' id='word_1_211' title='bbox 210 2090 297 2132; x_wconf 83' lang='lat' dir='ltr'><strong>Sed</strong></span> <span class='ocrx_word' id='word_1_212' title='bbox 328 2090 466 2130; x_wconf 81' lang='lat' dir='ltr'><strong>adhuc</strong></span> <span class='ocrx_word' id='word_1_213' title='bbox 496 2086 686 2128; x_wconf 79' lang='lat' dir='ltr'><strong>validum</strong></span> <span class='ocrx_word' id='word_1_214' title='bbox 716 2087 940 2127; x_wconf 78' lang='lat' dir='ltr'><strong>adversum</strong></span> <span class='ocrx_word' id='word_1_215' title='bbox 970 2102 1049 2127; x_wconf 91' lang='lat' dir='ltr'><strong>nos</strong></span> <span class='ocrx_word' id='word_1_216' title='bbox 1086 2085 1225 2126; x_wconf 83' lang='lat' dir='ltr'><strong>levare</strong></span> <span class='ocrx_word' id='word_1_217' title='bbox 1255 2096 1459 2140; x_wconf 88' lang='lat' dir='ltr'><strong>poterunt</strong></span> <span class='ocrx_word' id='word_1_218' title='bbox 1489 2085 1636 2134; x_wconf 87' lang='lat' dir='ltr'><strong>telum,</strong></span> 
     </span>
     <span class='ocr_line' id='line_1_27' title="bbox 211 2162 1636 2222; baseline -0.004 -14"><span class='ocrx_word' id='word_1_219' title='bbox 211 2167 534 2215; x_wconf 84' lang='lat' dir='ltr'><strong>confirmantes,</strong></span> <span class='ocrx_word' id='word_1_220' title='bbox 587 2163 713 2205; x_wconf 75' lang='lat' dir='ltr'><strong>etiam</strong></span> <span class='ocrx_word' id='word_1_221' title='bbox 754 2163 994 2222; x_wconf 79' lang='lat' dir='ltr'><strong>proselytos</strong></span> <span class='ocrx_word' id='word_1_222' title='bbox 1034 2179 1112 2218; x_wconf 87' lang='lat' dir='ltr'><strong>per</strong></span> <span class='ocrx_word' id='word_1_223' title='bbox 1150 2164 1287 2216; x_wconf 88' lang='lat' dir='ltr'><strong>legem</strong></span> <span class='ocrx_word' id='word_1_224' title='bbox 1327 2162 1636 2214; x_wconf 76' lang='lat' dir='ltr'><strong>circumcisioni</strong></span> 
     </span>
     <span class='ocr_line' id='line_1_28' title="bbox 213 2239 1636 2297; baseline -0.004 -12"><span class='ocrx_word' id='word_1_225' title='bbox 213 2244 422 2285; x_wconf 80' lang='lat' dir='ltr'><strong>obnoxios</strong></span> <span class='ocrx_word' id='word_1_226' title='bbox 464 2242 576 2292; x_wconf 86' lang='lat' dir='ltr'><strong>fieri,</strong></span> <span class='ocrx_word' id='word_1_227' title='bbox 619 2258 667 2282; x_wconf 77' lang='lat' dir='ltr'><strong>ex</strong></span> <span class='ocrx_word' id='word_1_228' title='bbox 703 2240 787 2291; x_wconf 89' lang='lat' dir='ltr'><strong>his,</strong></span> <span class='ocrx_word' id='word_1_229' title='bbox 830 2257 938 2297; x_wconf 85' lang='lat' dir='ltr'><strong>quae</strong></span> <span class='ocrx_word' id='word_1_230' title='bbox 968 2239 1012 2280; x_wconf 90' lang='lat' dir='ltr'><strong>in</strong></span> <span class='ocrx_word' id='word_1_231' title='bbox 1041 2241 1196 2281; x_wconf 82' lang='lat' dir='ltr'>Exodo</span> <span class='ocrx_word' id='word_1_232' title='bbox 1235 2239 1390 2296; x_wconf 80' lang='lat' dir='ltr'><strong>scripta</strong></span> <span class='ocrx_word' id='word_1_233' title='bbox 1427 2252 1526 2282; x_wconf 81' lang='lat' dir='ltr'><strong>sunt.</strong></span> <span class='ocrx_word' id='word_1_234' title='bbox 1554 2242 1636 2281; x_wconf 83' lang='lat' dir='ltr'><strong>hoc</strong></span> 
     </span>
    </p>
   </div>
   <div class='ocr_carea' id='block_1_3' title="bbox 212 2316 1634 2376">
    <p class='ocr_par' dir='ltr' id='par_1_3' title="bbox 212 2316 1634 2376">
     <span class='ocr_line' id='line_1_29' title="bbox 212 2316 1634 2376; baseline -0.005 -14"><span class='ocrx_word' id='word_1_235' title='bbox 212 2322 368 2362; x_wconf 88' lang='lat' dir='ltr'><strong>modo:</strong></span> <span class='ocrx_word' id='word_1_236' title='bbox 413 2319 479 2370; x_wconf 83' lang='lat' dir='ltr'><strong>„si</strong></span> <span class='ocrx_word' id='word_1_237' title='bbox 497 2317 543 2376; x_wconf 71' lang='grc' dir='ltr'><strong>Β)</strong></span> <span class='ocrx_word' id='word_1_238' title='bbox 582 2335 683 2359; x_wconf 84' lang='lat' dir='ltr'><strong>vero</strong></span> <span class='ocrx_word' id='word_1_239' title='bbox 725 2317 817 2374; x_wconf 82' lang='lat' dir='ltr'><strong>quis</strong></span> <span class='ocrx_word' id='word_1_240' title='bbox 857 2316 1076 2359; x_wconf 84' lang='lat' dir='ltr'><strong>accesserit</strong></span> <span class='ocrx_word' id='word_1_241' title='bbox 1106 2318 1160 2358; x_wconf 86' lang='lat' dir='ltr'><strong>ad</strong></span> <span class='ocrx_word' id='word_1_242' title='bbox 1190 2334 1264 2359; x_wconf 84' lang='lat' dir='ltr'><strong>vos</strong></span> <span class='ocrx_word' id='word_1_243' title='bbox 1293 2318 1556 2376; x_wconf 85' lang='lat' dir='ltr'><strong>proselytus,</strong></span> <span class='ocrx_word' id='word_1_244' title='bbox 1597 2327 1634 2356; x_wconf 76' lang='lat' dir='ltr'><strong>ct</strong></span> 
     </span>
    </p>
   </div>
   <div class='ocr_carea' id='block_1_4' title="bbox 331 2499 1534 2767">
    <p class='ocr_par' dir='ltr' id='par_1_4' title="bbox 331 2499 1534 2767">
     <span class='ocr_line' id='line_1_30' title="bbox 333 2499 1467 2556; baseline -0.002 -15"><span class='ocrx_word' id='word_1_245' title='bbox 333 2501 376 2556; x_wconf 83' lang='grc' dir='ltr'><strong>Ι)</strong></span> <span class='ocrx_word' id='word_1_246' title='bbox 406 2501 456 2541; x_wconf 85' lang='lat' dir='ltr'><strong>In</strong></span> <span class='ocrx_word' id='word_1_247' title='bbox 488 2501 553 2541; x_wconf 89' lang='lat' dir='ltr'><strong>ed.</strong></span> <span class='ocrx_word' id='word_1_248' title='bbox 588 2500 877 2541; x_wconf 77' lang='lat' dir='ltr'><strong>Genebrardi:</strong></span> <span class='ocrx_word' id='word_1_249' title='bbox 910 2500 1215 2550; x_wconf 78' lang='lat' dir='ltr'><strong>„‹leclaratur.“</strong></span> <span class='ocrx_word' id='word_1_250' title='bbox 1255 2499 1383 2541; x_wconf 75' lang='lat' dir='ltr'><strong>Male.</strong></span> <span class='ocrx_word' id='word_1_251' title='bbox 1416 2499 1467 2539; x_wconf 82' lang='lat' dir='ltr'><strong>R.</strong></span> 
     </span>
     <span class='ocr_line' id='line_1_31' title="bbox 331 2568 1468 2625; baseline -0.003 -14"><span class='ocrx_word' id='word_1_252' title='bbox 331 2571 377 2625; x_wconf 78' lang='grc'><strong>2)</strong></span> <span class='ocrx_word' id='word_1_253' title='bbox 407 2572 507 2611; x_wconf 90' lang='lat' dir='ltr'><strong>Luc.</strong></span> <span class='ocrx_word' id='word_1_254' title='bbox 539 2571 678 2620; x_wconf 83' lang='lat' dir='ltr'>XVII,</span> <span class='ocrx_word' id='word_1_255' title='bbox 711 2571 777 2612; x_wconf 87' lang='grc'><strong>14.</strong></span> <span class='ocrx_word' id='word_1_256' title='bbox 898 2571 944 2624; x_wconf 82' lang='lat'><strong>³)</strong></span> <span class='ocrx_word' id='word_1_257' title='bbox 979 2569 1066 2610; x_wconf 81' lang='lat' dir='ltr'><strong>Csr.</strong></span> <span class='ocrx_word' id='word_1_258' title='bbox 1098 2570 1250 2609; x_wconf 83' lang='lat' dir='ltr'><strong>Matth.</strong></span> <span class='ocrx_word' id='word_1_259' title='bbox 1282 2570 1398 2618; x_wconf 88' lang='lat' dir='ltr'><strong>VIll,</strong></span> <span class='ocrx_word' id='word_1_260' title='bbox 1429 2568 1468 2609; x_wconf 86' lang='grc'><strong>4.</strong></span> 
     </span>
     <span class='ocr_line' id='line_1_32' title="bbox 332 2637 1534 2697; baseline -0.003 -15"><span class='ocrx_word' id='word_1_261' title='bbox 332 2640 377 2697; x_wconf 74' lang='lat'><strong>⁴)</strong></span> <span class='ocrx_word' id='word_1_262' title='bbox 409 2643 510 2682; x_wconf 87' lang='lat' dir='ltr'><strong>Luc.</strong></span> <span class='ocrx_word' id='word_1_263' title='bbox 541 2641 679 2689; x_wconf 82' lang='lat' dir='ltr'>XVII,</span> <span class='ocrx_word' id='word_1_264' title='bbox 710 2641 775 2682; x_wconf 83' lang='lat'><strong>15.</strong></span> <span class='ocrx_word' id='word_1_265' title='bbox 808 2640 872 2682; x_wconf 83' lang='grc'><strong>16.</strong></span> <span class='ocrx_word' id='word_1_266' title='bbox 993 2639 1037 2693; x_wconf 85' lang='lat'><strong>⁵)</strong></span> <span class='ocrx_word' id='word_1_267' title='bbox 1068 2640 1179 2697; x_wconf 60' lang='lat' dir='ltr'><strong>Luc..</strong></span> <span class='ocrx_word' id='word_1_268' title='bbox 1200 2639 1339 2688; x_wconf 81' lang='lat' dir='ltr'>XVII,</span> <span class='ocrx_word' id='word_1_269' title='bbox 1372 2638 1436 2681; x_wconf 78' lang='grc'><strong>17.</strong></span> <span class='ocrx_word' id='word_1_270' title='bbox 1470 2637 1534 2684; x_wconf 82' lang='grc'><strong>18.</strong></span> 
     </span>
     <span class='ocr_line' id='line_1_33' title="bbox 333 2708 1194 2767; baseline -0.003 -15"><span class='ocrx_word' id='word_1_271' title='bbox 333 2711 378 2767; x_wconf 79' lang='lat'><strong>⁶)</strong></span> <span class='ocrx_word' id='word_1_272' title='bbox 410 2712 522 2753; x_wconf 90' lang='lat' dir='ltr'><strong>Edd.</strong></span> <span class='ocrx_word' id='word_1_273' title='bbox 552 2708 746 2752; x_wconf 87' lang='lat' dir='ltr'><strong>Merlini:</strong></span> <span class='ocrx_word' id='word_1_274' title='bbox 781 2709 914 2764; x_wconf 87' lang='lat' dir='ltr'><strong>Quod</strong></span> <span class='ocrx_word' id='word_1_275' title='bbox 945 2721 1087 2750; x_wconf 85' lang='lat' dir='ltr'><strong>tamen</strong></span> <span class='ocrx_word' id='word_1_276' title='bbox 1119 2720 1194 2749; x_wconf 85' lang='lat' dir='ltr'><strong>etc.</strong></span> 
     </span>
    </p>
   </div>
   <div class='ocr_carea' id='block_1_5' title="bbox 333 2779 1424 2836">
    <p class='ocr_par' dir='ltr' id='par_1_5' title="bbox 333 2779 1424 2836">
     <span class='ocr_line' id='line_1_34' title="bbox 333 2779 1424 2836; baseline -0.003 -14"><span class='ocrx_word' id='word_1_277' title='bbox 333 2781 379 2836; x_wconf 78' lang='lat'><strong>⁷)</strong></span> <span class='ocrx_word' id='word_1_278' title='bbox 409 2781 522 2822; x_wconf 86' lang='lat' dir='ltr'><strong>Edd.</strong></span> <span class='ocrx_word' id='word_1_279' title='bbox 552 2779 745 2822; x_wconf 83' lang='lat' dir='ltr'><strong>Merlini:</strong></span> <span class='ocrx_word' id='word_1_280' title='bbox 781 2780 853 2835; x_wconf 87' lang='lat' dir='ltr'><strong>qui</strong></span> <span class='ocrx_word' id='word_1_281' title='bbox 885 2797 931 2822; x_wconf 84' lang='lat' dir='ltr'><strong>ex</strong></span> <span class='ocrx_word' id='word_1_282' title='bbox 963 2779 1284 2822; x_wconf 84' lang='lat' dir='ltr'><strong>circumcisione</strong></span> <span class='ocrx_word' id='word_1_283' title='bbox 1315 2791 1424 2821; x_wconf 82' lang='lat' dir='ltr'><strong>sunt.</strong></span> 
     </span>
    </p>
   </div>
   <div class='ocr_carea' id='block_1_6' title="bbox 333 2849 865 2904">
    <p class='ocr_par' dir='ltr' id='par_1_6' title="bbox 333 2849 865 2904">
     <span class='ocr_line' id='line_1_35' title="bbox 333 2849 865 2904; baseline 0.008 -14"><span class='ocrx_word' id='word_1_284' title='bbox 333 2849 379 2904; x_wconf 58' lang='grc' dir='ltr'><strong>Β)</strong></span> <span class='ocrx_word' id='word_1_285' title='bbox 411 2851 545 2891; x_wconf 63' lang='lat' dir='ltr'>Exod.</span> <span class='ocrx_word' id='word_1_286' title='bbox 577 2851 675 2901; x_wconf 80' lang='grc' dir='ltr'><strong>ΧΠ,</strong></span> <span class='ocrx_word' id='word_1_287' title='bbox 705 2851 770 2895; x_wconf 79' lang='grc'><strong>48.</strong></span> <span class='ocrx_word' id='word_1_288' title='bbox 801 2852 865 2894; x_wconf 80' lang='grc'><strong>49.</strong></span> 
     </span>
    </p>
   </div>
  </div>
 </body>
</html>
