1788 3111
209 98 297 143 324
552 96 777 147 Omessms
804 109 851 141 m
880 96 961 140 ΕΡ.
987 107 1049 140 An
1080 95 1304 148 Rommos

214 222 311 261 teat,
341 208 563 263 ordinis¹)
601 222 764 261 autem,
803 222 932 266 atque
977 223 1151 253 ornatus
1188 210 1358 268 palatii,
1398 222 1439 254 et
1477 211 1645 254 habitus

217 289 385 330 occulta
422 300 594 329 maneat
634 287 904 344 dispensatim
971 289 1035 330 Ita
1067 305 1191 342 ergo,
1242 302 1291 331 ut
1329 287 1436 340 dixi,
1479 289 1648 331 videtur

213 366 322 408 mihi
352 365 478 408 etiam
508 366 805 423 Apostolus2)
835 366 994 408 Paulus
1023 366 1070 407 in
1100 366 1164 408 his
1194 366 1465 409 sermonibus
1494 369 1647 417 facere,

216 444 321 499 et3)
357 460 449 485 non
487 444 630 485 solum
659 460 740 500 pro
781 460 857 494 eo,
900 444 1019 500 quod
1053 455 1094 485 et
1123 443 1212 500 ipse
1244 443 1356 494 dicit,
1373 442 1419 501 4)
1461 443 1559 500 quia
1601 460 1648 485 ex

214 533 339 579 parte
367 521 482 571 sciat,
513 532 553 562 et
583 537 631 562 ex
661 532 782 577 parte
813 533 1054 572 cognoscat,
1084 523 1159 563 sed
1185 533 1223 563 et
1243 533 1423 578 propter
1451 538 1544 572 nos,
1576 521 1650 576 qui

215 616 297 641 nec
328 616 377 641 ea
408 599 596 654 quidem,
629 614 738 654 quae
759 615 806 639 ex
824 609 945 654 parte
972 599 1061 649 scit,
1094 616 1246 656 capere
1274 616 1513 656 possumus,
1541 609 1650 639 tem-

215 693 369 734 perare
399 692 668 724 sermonem,
712 687 753 716 et
791 675 1127 733 uniuscujusque
1158 678 1362 718 conclave
1378 674 1421 731 ⁵)
1461 673 1651 734 mysterii

216 755 392 808 singulis
423 765 496 795 aut
524 752 590 794 vix
620 751 732 794 binis
761 751 1044 808 perstringere
1084 765 1124 794 ct
1161 753 1412 808 subaperire
1439 751 1650 794 sermoni-

215 835 317 875 bus:
356 843 397 873 et
435 847 553 872 nunc
589 845 670 886 per
706 846 841 871 unum
886 829 1048 870 aditum
1078 829 1285 882 ingressus
1316 846 1395 886 per
1423 829 1553 871 alium
1586 828 1650 869 di-

216 909 349 963 gredi,
377 925 494 950 nunc
526 924 574 948 ex
604 906 689 949 alio
729 907 937 959 ingressus
977 909 1031 948 ad
1063 907 1180 948 aliud
1222 908 1424 948 conclave
1466 921 1650 947 concur-

218 1005 325 1038 rere,
350 988 408 1029 ita
436 997 495 1035 ut,
523 984 557 1027 si
586 983 777 1040 requiras
807 1000 904 1025 eum
934 983 1009 1026 illo
1042 984 1182 1034 aditu,
1221 1001 1307 1040 quo
1340 984 1547 1037 ingressus
1578 993 1649 1031 est,

216 1082 310 1106 non
346 1062 534 1106 invenias
573 1077 796 1114 egressum.
865 1058 986 1102 Haec
1028 1077 1126 1113 ergo
1168 1061 1286 1117 prius
1328 1063 1381 1103 de
1411 1061 1495 1111 his,
1540 1075 1650 1115 quae

216 1142 375 1183 Paulus
402 1139 561 1189 scribit,
599 1139 645 1180 in
675 1150 819 1179 mente
856 1150 1001 1179 nostra
1043 1149 1168 1193 atque
1209 1139 1359 1180 animis
1392 1137 1651 1187 ordinantes,

215 1235 333 1260 nunc
361 1216 449 1274 jam
486 1217 541 1257 ad
577 1215 844 1271 inspicienda
883 1226 922 1255 et
953 1216 1197 1255 contuenda
1229 1231 1296 1265 ea,
1343 1230 1452 1270 quae
1481 1213 1528 1254 in
1559 1229 1652 1254 ma-

216 1295 344 1338 nibus
374 1294 609 1342 habentur,
646 1308 729 1348 pro
760 1291 919 1334 viribus
950 1282 1265 1333 convertamur.
1322 1291 1378 1332 Et
1415 1290 1559 1347 primo
1590 1290 1651 1331 vi-

219 1373 409 1421 deamus,
438 1371 664 1426 quomodo
694 1369 862 1426 ‚,per5)
901 1386 1038 1411 unum
1076 1369 1299 1411 hominem
1328 1378 1552 1424 peccatum
1583 1366 1649 1406 in-

219 1449 363 1491 troivit
391 1449 436 1489 in
467 1448 583 1489 hunc
612 1448 848 1496 mundum,
880 1457 919 1487 et
949 1462 1029 1501 per
1057 1458 1282 1502 peccatum
1324 1449 1482 1487 mors.“
1538 1443 1653 1484 For-

219 1526 335 1569 tassis
366 1526 480 1567 enim
511 1524 700 1580 requirat
728 1522 894 1579 aliquis,
922 1524 954 1566 si
986 1535 1083 1564 ante
1113 1525 1254 1565 Adam
1277 1522 1432 1582 mulier
1448 1520 1653 1578 peccavit,

221 1606 275 1647 de
305 1620 390 1659 qua
420 1601 597 1651 dicitur,
637 1599 736 1657 quia
776 1601 1035 1656 ‚‚seducta⁷)
1074 1601 1119 1642 in
1148 1598 1513 1658 praevaricatione
1541 1598 1652 1638 sacta

220 1686 328 1723 est:“
358 1691 398 1722 et
441 1695 611 1721 rursum
651 1689 748 1720 ante
786 1677 922 1733 ipsam
962 1679 1158 1735 peccavit
1197 1694 1382 1734 serpens.
1456 1674 1653 1716 Peccavit

219 1758 361 1807 enim,
402 1774 499 1798 cum
531 1754 634 1797 dixit
661 1753 853 1796 mulieri:
893 1755 1024 1811 υιιῐὸ)
1058 1755 1162 1810 quid
1194 1756 1278 1796 hoc
1313 1752 1414 1795 dixit
1442 1753 1575 1803 Deus',
1604 1763 1651 1793 ut

219 1918 406 1976 patietur
450 1917 635 1958 referre“
682 1927 759 1958 etc.
837 1915 924 1958 Sed
975 1932 1124 1958 omnes
1171 1916 1275 1958 Mss.
1318 1927 1367 1957 ut
1414 1911 1458 1952 in
1499 1920 1648 1952 nostro

220 1988 350 2018 textu.
380 1976 433 2016 R.

340 2031 384 2088 ¹)
416 2031 497 2072 Ed.
525 2028 660 2070 Ruaei
688 2028 733 2070 in
772 2040 906 2070 textu:
955 2029 1145 2078 „ordinis
1173 2040 1329 2078 autem,
1361 2041 1488 2085 atquc
1520 2046 1648 2072 orna—

222 2102 288 2132 tus
316 2087 476 2145 palatii,
508 2098 547 2127 et
577 2085 744 2126 habitus
778 2086 944 2126 occulta
977 2097 1120 2127 tamen
1151 2097 1321 2127 maneat
1352 2085 1651 2143 dispensatio,“

220 2147 268 2189 in
296 2144 408 2187 notis
437 2159 560 2185 vero:
593 2142 747 2193 „ali-¹13:
789 2141 1030 2184 ordinacio
1075 2153 1215 2199 acque
1248 2154 1443 2184 ornatus
1471 2142 1653 2199 palatii

222 2214 267 2245 ec
307 2200 497 2243 habitus
538 2197 721 2241 occulta
752 2210 942 2240 maneat
984 2200 1313 2257 dispensacio,
1356 2201 1406 2241 al.
1447 2199 1506 2257 (v.
1537 2218 1572 2242 c.
1605 2201 1650 2241 in

223 2260 319 2302 edd.
348 2258 435 2314 Μ.)
475 2255 659 2299 ordinis
700 2266 854 2297 tamen
887 2266 1026 2312 atque
1059 2266 1252 2297 ornatus
1280 2255 1459 2313 palacii
1491 2267 1537 2299 ec
1567 2255 1650 2297 ha-

222 2315 349 2359 bitus
382 2313 565 2357 occulta
597 2323 788 2353 maneat
819 2311 1154 2369 dispensatio.“
1184 2313 1237 2355 R.

335 2385 385 2440 2)
411 2384 524 2426 Edd.
556 2383 754 2425 Merlini:
785 2382 943 2424 Paulus
974 2384 1218 2439 Apostolus.

335 2454 383 2510 3)
414 2453 695 2495 Desideratur
724 2458 815 2504 „et“
846 2454 890 2495 in
922 2454 1018 2495 edd.
1047 2452 1233 2494 Merlini.

339 2523 385 2580 ⁴)
416 2523 434 2563 1
468 2522 568 2565 cor.
598 2523 717 2574 xm,
747 2524 785 2566 9.
817 2526 882 2568 12.

338 2594 383 2651 ⁵)
415 2593 530 2636 Editi
562 2594 620 2648 (v.
658 2609 691 2634 e.
724 2595 788 2635 ed.
829 2593 888 2634 Μ.
926 2591 1024 2648 1Ι.);
1069 2592 1308 2641 „conctavis
1356 2595 1599 2652 mysterium
1613 2600 1647 2645 ;“

221 2654 292 2696 sed
333 2668 481 2693 omnes
521 2650 620 2692 Mss.
654 2661 701 2690 ut
739 2651 782 2690 in
822 2660 968 2692 nostro
1009 2661 1132 2690 textu.
1181 2648 1230 2689 R.
1274 2673 1326 2681 —-
1375 2652 1455 2693 Ed.
1509 2651 1570 2694 Μ,
1610 2651 1645 2692 l:

222 2710 449 2761 „conclave
478 2705 765 2766 mysterium.“

335 2777 382 2831 ⁶)
415 2778 540 2818 Rom.
572 2776 623 2826 V,
655 2777 717 2820 12.
839 2777 883 2832 ⁷)
915 2777 931 2818 I
963 2776 1152 2820 Timoth.
1183 2776 1236 2828 Π,
1269 2776 1333 2824 14.

336 2848 382 2902 ¹³)
417 2847 568 2891 Genes.
599 2846 672 2899 111,
701 2851 738 2894 1.
