1788 3111
225 110 309 154 192
561 105 782 149 OmGEms
811 117 859 148 m
887 105 966 147 Ep,
995 115 1056 145 An
1088 103 1314 147 Rommos

224 223 449 281 quomodo
462 238 553 262 non
565 219 813 279 hujusmodi
828 220 893 260 lex
911 217 1035 259 etiam
1048 216 1242 273 supernis
1256 227 1294 259 et
1307 218 1556 261 coelestibus
1573 235 1646 261 or·-

226 301 396 343 dinibus
417 300 572 342 inserta
590 299 814 347 videbitur,
841 296 994 352 quibus
1013 296 1162 351 utique
1185 306 1225 335 et
1250 295 1503 338 observandi
1522 297 1647 353 quid-

226 381 338 427 dam,
360 377 611 434 etquiddam
623 375 800 418 cavendi
811 373 1033 429 disciplina
1053 371 1139 414 est?
1169 371 1224 413 Et
1239 371 1318 413 nisi
1331 372 1512 426 haclege
1527 384 1648 415 tene-

224 468 386 506 rentur,
404 470 625 510 nunquam
648 454 701 494 de
721 453 770 494 iis
786 452 944 493 diceret
962 451 1183 506 Scriptura
1195 448 1356 491 divina:
1386 452 1584 502 „angelos
1602 451 1648 501 1)

225 549 413 590 quoque,
437 531 510 588 qui
529 548 621 572 non
639 539 908 572 servaverunt
928 528 1216 584 principatum
1237 544 1376 577 suum,
1398 529 1473 569 sed
1493 529 1647 569 dereli-

224 621 410 668 querunt
427 609 656 664 proprium
673 606 954 657 domicilium,
971 606 1088 646 Deus
1106 606 1159 646 ad
1175 603 1382 661 judicium
1400 603 1543 656 magni
1565 602 1650 645 diei

225 688 404 730 aeternis
433 686 611 728 vinculis
649 685 695 726 in
733 684 955 737 tamar-0²)
988 683 1237 724 constrictos
1263 682 1341 723 sub
1375 680 1554 732 caligine
1583 697 1650 722 re-

225 765 448 810 servavit.“
526 763 656 804 Unde
696 773 860 804 constat
897 761 1032 802 inesse
1077 759 1125 801 iis
1145 760 1191 814 3)
1237 760 1394 810 legem:
1435 774 1519 814 qua
1556 776 1651 801 non

226 847 445 886 observata
475 839 586 897 passi
614 851 712 881 sunt
741 840 860 889 haec,
894 854 1004 894 quae
1031 836 1224 893 superius
1254 835 1474 891 Scriptura
1505 847 1650 878 testata

226 935 297 963 est.
356 920 442 962 Sed
475 930 513 960 et
543 917 723 966 Paulus,
765 933 863 957 cum
897 915 1016 956 dicit:
1053 930 1133 964 „an
1150 913 1195 967 4>
1225 913 1413 963 nescitis,
1444 913 1542 968 quia
1573 930 1650 955 an-

225 1001 340 1051 gelos
375 993 723 1056 judicabimus?“
770 993 872 1049 quid
911 992 1027 1034 aliud
1073 991 1153 1032 nisi
1195 992 1274 1032 sub
1316 991 1408 1043 lege
1447 990 1525 1031 scit
1564 1006 1650 1032 esse

222 1076 386 1132 positos
426 1091 520 1124 cos,
562 1089 669 1128 quos
707 1070 959 1128 pronuntiat
1002 1070 1057 1110 ad
1096 1067 1304 1126 judicium
1346 1066 1649 1109 deducendos?

225 1156 313 1196 Sed
343 1153 376 1195 si
407 1152 497 1208 quis
529 1149 655 1191 nobis
695 1159 894 1190 occurrat
932 1163 980 1187 ex
1017 1162 1090 1195 e0‚
1132 1147 1251 1201 quod
1290 1161 1418 1201 supra
1456 1144 1649 1194 diximus,

224 1232 369 1272 Deum
395 1245 480 1270 esse
501 1244 598 1268 cum
619 1222 1177 1280 hominibusjudicandum,
1207 1222 1324 1277 quasi
1356 1222 1481 1262 etiam
1508 1220 1649 1277 ipsum

224 1310 368 1351 dicere
404 1301 688 1357 videamur-⁵)
728 1319 814 1343 esse
852 1302 930 1342 sub
971 1301 1083 1350 lege,
1125 1298 1245 1347 audi,
1285 1309 1443 1353 quanta
1474 1299 1527 1339 de
1563 1298 1650 1340 hoc

224 1386 387 1427 cautela
418 1384 463 1424 in
494 1380 691 1437 Apostoli
719 1378 848 1419 literis
878 1376 1104 1426 invenitur,
1134 1376 1208 1431 qui
1240 1374 1456 1417 Christum
1484 1392 1574 1416 non
1603 1375 1651 1416 in

222 1458 314 1507 lege
352 1470 459 1503 esse,
502 1453 576 1494 sed
614 1449 926 1506 plenitudinem
967 1464 1053 1490 esse
1088 1446 1188 1498 legis
1232 1456 1563 1488 commemorat:
1612 1456 1653 1486 et

222 1533 330 1575 sicut
358 1531 449 1586 ipse
480 1541 539 1571 est
568 1525 748 1585 justitia,
794 1543 841 1567 ex
880 1542 964 1581 qua
1005 1541 1152 1566 omnes
1189 1523 1289 1579 justi
1325 1525 1455 1574 fiunt,
1493 1535 1532 1565 et
1560 1521 1651 1579 ipse

225 1621 284 1651 est
313 1610 482 1658 veritas,
524 1622 572 1647 ex
603 1621 687 1660 qua
725 1620 873 1646 omnes
913 1603 958 1643 in
989 1603 1161 1643 veritate
1192 1602 1445 1650 consistunt,
1492 1611 1531 1640 et
1559 1600 1649 1654 ipse

226 1698 284 1728 est
313 1687 406 1734 vita,
436 1700 484 1724 ex
515 1698 599 1738 qua
632 1698 780 1722 omnes
811 1680 966 1729 vivunt,
995 1679 1052 1719 ita
1083 1690 1123 1719 et
1150 1678 1241 1733 ipse
1275 1689 1333 1718 est
1360 1678 1449 1726 lex,
1486 1690 1533 1717 ex
1566 1692 1651 1732 qua

226 1779 374 1806 omnes
413 1761 458 1802 in
497 1761 589 1811 lege
624 1769 733 1800 sunt.
791 1755 918 1797 Venit
947 1771 1045 1806 crgo
1079 1757 1133 1797 ad
1163 1753 1393 1811 judicium,
1434 1770 1526 1795 non
1555 1764 1650 1794 tan-

225 1857 354 1897 quam
387 1838 461 1894 qui
493 1837 537 1878 in
568 1836 659 1886 lege
687 1835 750 1884 sit,
778 1834 852 1875 sed
874 1845 1077 1888 tanquam
1111 1832 1182 1887 qui
1207 1833 1272 1873 lex
1292 1831 1353 1872 sit.
1397 1831 1488 1883 Ego
1509 1842 1650 1871 autem

221 1930 343 1975 puto,
375 1917 493 1972 quod
525 1912 652 1969 hi,⁶)
685 1913 757 1968 qui
785 1910 871 1967 jam
902 1909 1080 1965 perfecti
1108 1919 1217 1959 sunt,
1249 1920 1288 1949 et
1317 1907 1512 1949 Domino
1545 1924 1651 1949 con-

222 1993 359 2052 juncti
398 2009 508 2034 unus
545 1989 716 2047 spiritus
757 2004 853 2029 cum
897 1988 991 2043 ipso
1032 1986 1172 2027 effecti
1209 1997 1329 2036 sunt,
1364 2002 1444 2026 nec
1482 1985 1564 2041 ipsi
1604 1985 1651 2026 in

222 2074 314 2124 lege
353 2081 470 2119 sunt,
510 2069 585 2110 sed
621 2066 751 2118 magis
787 2065 868 2121 ipsi
907 2075 1005 2105 sunt
1040 2065 1128 2113 lex,
1169 2063 1276 2104 sicut
1316 2073 1356 2104 et
1395 2061 1498 2104 alibi
1533 2063 1651 2104 idem

223 2149 457 2204 Apostolus
488 2145 610 2187 dicit:
642 2144 767 2199 „quia
786 2142 827 2197 7)
859 2141 971 2198 justo
1002 2141 1069 2181 lex
1098 2157 1189 2181 non
1223 2151 1281 2181 est
1309 2140 1486 2195 posita.“
1523 2139 1587 2182 Ita
1604 2139 1651 2196 ⁸)

223 2239 534 2280 „quaecunque
564 2223 627 2262 lex
657 2219 871 2276 loquitur,
901 2217 970 2269 iis,
1001 2217 1074 2274 qui
1103 2218 1148 2260 in
1178 2218 1269 2270 lege
1297 2229 1415 2268 sunt,
1444 2217 1651 2274 loquitur,

342 2370 386 2421 1)
418 2370 498 2424 Ep.
529 2368 628 2409 Jud.
659 2382 762 2407 vers.
791 2365 830 2408 6.

339 2439 386 2494 ²)
419 2440 532 2480 Alias
562 2436 622 2494 (e,
649 2454 682 2477 c.
713 2437 757 2477 in
790 2437 884 2478 edd.
914 2433 1021 2489 Ma)
1052 2434 1120 2484 „in
1152 2437 1396 2475 tartarum.“
1427 2431 1477 2472 R.

340 2509 386 2563 3)
417 2508 526 2549 Edd.
557 2507 753 2548 Mer-lini:
784 2507 858 2547 his.

339 2579 385 2634 ι3)
418 2577 530 2619 Alias
575 2579 634 2633 (e.
670 2593 703 2617 c.
742 2577 786 2617 in
830 2577 925 2616 edd.
959 2572 1127 2628 Merl.):
1170 2575 1317 2622 „aut-“
1362 2572 1411 2612 R.
1459 2596 1510 2603 --
1561 2571 1647 2613 Cfr.

228 2637 247 2677 I
281 2636 379 2678 Cor.
411 2634 483 2685 VJ,
512 2635 552 2677 3.

342 2707 387 2761 ⁵)
417 2705 528 2747 Edd.
561 2703 752 2745 Merlini:
783 2702 1011 2744 videamus.
1175 2739 1178 2742 .

339 2775 386 2832 ὅ)
418 2776 530 2817 Edd.
557 2773 754 2814 Merlini:
785 2772 827 2813 ii.
947 2769 991 2825 7)
1023 2770 1041 2810 Ι
1073 2767 1183 2811 Tim.
1215 2768 1248 2818 Ῑ,
1278 2768 1316 2810 9.

341 2848 387 2901 ⁸)
418 2846 529 2888 Edd.
562 2843 753 2886 Merlini:
783 2842 955 2885 Iterum.
986 2865 1037 2873 —
1071 2840 1199 2882 Rom.
1230 2838 1303 2890 Ill,
1333 2838 1398 2881 19.
