1788 3111
533 108 975 152 COMMENTAmoRuM
1005 109 1095 152 Lm.
1128 109 1179 151 11.
1482 111 1562 155 101

141 232 339 263 vocatum
384 224 499 277 apud
540 221 733 272 Patrem,
775 222 920 263 Jesum
962 221 1142 279 justum,
1183 222 1257 277 qui
1296 235 1440 265 exorat
1477 239 1559 280 pro

141 297 325 355 peccatis
354 298 546 341 nostris.“
604 298 720 340 Haec
753 314 850 352 ergo
884 316 906 339 a
937 299 1062 341 nobis
1092 298 1136 339 in
1166 298 1251 340 hoc
1280 299 1402 350 loco,
1430 312 1563 356 prout

140 375 374 430 potuimus,
405 375 587 418 discussa
616 385 726 424 sunt,
758 376 1123 417 considerantibus
1148 375 1271 417 etiam
1291 376 1411 427 illud,
1441 378 1560 432 quod

140 450 243 492 dicit
271 453 527 506 Apostolus:
563 468 643 500 „an
663 451 705 506 ι)
735 451 1003 493 Judaeorum
1033 452 1151 494 Deus
1179 452 1375 493 tantum?
1411 470 1559 495 nonne

138 539 180 568 et
214 527 447 569 Gentium?
503 528 597 569 Imo
631 539 670 569 et
702 527 963 569 Gentium:“
1004 541 1052 570 ut
1084 545 1163 585 per
1191 530 1296 570 haec
1326 529 1559 572 evidentior

135 606 211 646 fiat
252 605 512 661 explanatio,
551 607 778 661 quomodo
818 606 973 647 Judaei
1011 606 1178 661 primo,
1217 606 1373 647 deinde
1403 606 1559 648 Graeci

135 694 359 738 ponuntur
397 682 450 722 ab
489 683 711 738 ApostolO.
779 682 864 723 Sed
903 695 1045 723 tamen
1085 682 1131 723 in
1169 683 1347 724 arbitrio
1384 684 1556 734 legentis

135 759 188 801 sit
217 760 416 815 probare,
446 775 554 814 quae
585 759 695 800 dicta
724 771 833 801 sunt.
882 760 970 801 Nos
1001 771 1139 800 autem
1159 760 1283 814 plura
1304 760 1555 803 adduximus

134 837 179 878 in
210 847 457 885 tractatum,
496 852 552 876 ne
582 836 686 892 quid
720 837 772 877 de
801 836 1000 893 Apostoli
1029 853 1152 879 sensu
1179 836 1460 879 indiscussum
1488 853 1555 878 re·-

130 913 325 968 linquere
354 913 608 955 videremur.

243 990 282 1033 8.
325 989 676 1045 ‚‚Quicunque²)
716 990 829 1032 enim
866 990 958 1032 sine
995 992 1084 1044 lege
1120 1004 1426 1047 peccaverunt,
1463 992 1553 1034 sine

126 1068 219 1118 lege
250 1066 350 1121 et3)
390 1067 614 1122 peribunt:
659 1078 697 1107 et
712 1066 757 1122 ⁴)
799 1080 1012 1124 quotquot
1049 1068 1092 1109 in
1131 1070 1222 1119 lege
1256 1080 1553 1124 peccaverunt,

126 1159 205 1199 per
238 1145 372 1194 legem
402 1142 719 1198 judicabuntur.
770 1131 879 1186 'Non
914 1145 1027 1186 enim
1067 1145 1280 1187 auditores
1316 1145 1415 1196 legis
1454 1143 1552 1201 justi

125 1232 222 1263 sunt
252 1222 367 1275 apud
383 1219 543 1269 Deum,
572 1222 646 1262 sed
677 1224 858 1263 factores
888 1222 987 1274 legis
1016 1221 1396 1278 justificabuntur.“
1436 1220 1547 1263 Cum

128 1297 240 1338 dicat
273 1297 502 1352 Apostolus
535 1313 626 1346 eos,
660 1298 732 1352 qui
762 1298 851 1339 sine
880 1300 972 1349 lege
1002 1311 1305 1354 peccaverunt,
1339 1299 1428 1340 sine
1458 1300 1550 1348 lege

127 1374 362 1428 perituros,
399 1373 628 1427 requiritur
657 1386 799 1415 utrum
832 1377 884 1416 de
912 1377 1002 1417 sola
1032 1375 1166 1417 Mosis
1192 1376 1283 1425 lege
1310 1374 1548 1426 intelligen-

129 1453 232 1492 dum
263 1449 336 1498 sit,
377 1465 430 1489 an
463 1460 501 1489 et
532 1451 584 1490 de
613 1449 703 1502 lege
735 1449 912 1500 Christi,
951 1452 1017 1492 vel
1045 1451 1169 1492 etiam
1210 1453 1263 1492 de
1292 1466 1548 1506 quacunque

128 1526 318 1567 humana
352 1527 462 1578 lege,
505 1527 583 1567 sub
625 1543 708 1581 qua
743 1544 1095 1583 unumquemque
1132 1528 1379 1569 mortalium
1408 1528 1547 1568 vivere

124 1602 352 1653 contingit,
391 1603 509 1656 quod
549 1604 784 1643 secundum
815 1604 950 1659 ipsam
989 1603 1169 1660 judicari
1197 1603 1351 1660 possit,
1392 1604 1466 1659 qui
1499 1604 1546 1665 in

123 1694 171 1719 ea
202 1690 367 1734 peccat:
409 1695 462 1719 an
494 1678 565 1733 qui
598 1691 708 1720 extra
740 1682 874 1721 solam
894 1680 938 1737 ⁵)
968 1679 1103 1722 Mosis
1132 1682 1267 1732 legem
1297 1691 1375 1730 est,
1416 1680 1543 1721 etiam

120 1757 154 1797 si
183 1757 262 1797 sub
296 1756 435 1811 aliqua
473 1756 564 1806 lege
595 1756 723 1806 vivat,
762 1758 875 1797 velut
906 1768 1016 1798 extra
1055 1759 1189 1809 legem
1219 1757 1402 1813 positus,
1443 1773 1542 1798 cum

120 1832 367 1889 peccaverit,
388 1843 544 1888 pereat.
580 1833 692 1874 Nam
715 1844 753 1874 et
772 1834 860 1888 ipse
880 1833 1035 1875 Paulus
1058 1833 1360 1890 Apostolus‚⁶)
1380 1850 1477 1876 cum
1495 1831 1541 1889 ⁷)

122 1910 223 1951 dicit
251 1925 294 1951 se
324 1908 399 1957 his,
431 1909 502 1964 qui
531 1909 621 1950 sine
648 1910 738 1961 lege
768 1921 886 1960 sunt,
917 1911 1035 1966 quasi
1064 1911 1154 1952 sine
1181 1913 1272 1963 lege
1301 1927 1409 1960 esse,
1439 1909 1539 1964 et⁸)

121 1987 260 2028 addit:
300 2004 423 2036 „cum
439 1985 484 2041 9)
521 1987 668 2043 utique
704 1988 795 2029 sine
832 1989 923 2040 lege
952 2005 1043 2029 non
1076 2005 1226 2038 essem,
1265 1989 1338 2029 sed
1376 1987 1421 2028 in
1449 1988 1540 2038 lege

120 2080 249 2105 essem
281 2062 494 2103 Christi:“
526 2064 708 2104 ostendit
737 2065 867 2118 sem)
901 2064 1073 2120 quidem
1102 2066 1147 2105 in
1177 2066 1267 2116 lege
1287 2063 1420 2105 Mosis
1448 2080 1539 2104 non

121 2157 224 2189 esse,
268 2155 352 2181 esse
381 2151 524 2179 tamen
554 2141 632 2180 sub
663 2141 765 2191 lege.
826 2142 912 2182 Sed
946 2153 986 2182 et
1013 2140 1242 2191 humanae,
1272 2153 1319 2182 ut
1349 2141 1539 2190 diximus,

237 2279 280 2334 ¹)
312 2278 439 2321 Rom.
470 2280 544 2330 III,
571 2281 637 2324 29.
759 2280 805 2336 2)
836 2280 964 2322 Rom.
995 2281 1048 2331 ΙΙ,
1078 2281 1142 2323 12.
1175 2282 1240 2325 13.

233 2350 280 2404 3)
310 2350 587 2392 Desideratur
615 2357 707 2400 „et“
735 2352 780 2393 in
812 2352 906 2392 edd.
935 2351 995 2392 M.

234 2418 280 2474 4)
307 2421 419 2461 Edd.
450 2421 645 2462 Merlini:
676 2434 715 2462 et
745 2421 987 2478 quicunque
1016 2421 1061 2462 in
1090 2423 1180 2474 lege
1210 2434 1285 2464 etc.

234 2488 280 2545 ⁵)
310 2490 440 2531 Deest
467 2492 655 2540 „solam“
679 2492 723 2533 in
754 2493 848 2533 edd.
879 2491 943 2533 M.

232 2559 280 2614 ⁶)
309 2559 389 2602 Ed.
420 2561 576 2603 Ruaei:
606 2564 841 2618 Apostolus
872 2561 1042 2603 Paulus.

236 2626 280 2683 7)
310 2629 390 2670 Ed.
421 2631 481 2671 M.
512 2631 571 2671 II:
603 2649 700 2673 cum
728 2632 830 2674 dixit
857 2648 900 2674 se
930 2631 991 2682 iis,
1022 2631 1094 2686 qui
1124 2642 1199 2671 etc.

232 2696 275 2752 8)
305 2698 416 2740 Edd.
445 2700 645 2742 Merlini:
674 2714 712 2743 et
744 2702 917 2743 addidit.
1034 2700 1080 2756 9)
1113 2699 1254 2743 ICor.
1284 2699 1360 2751 IX,
1384 2702 1454 2747 21.

210 2766 279 2821 ¹⁰)
310 2767 420 2810 Edd.
451 2770 646 2813 Merlini:
675 2789 718 2814 se
748 2771 793 2814 in
823 2774 914 2825 lege
943 2770 1077 2814 Mosis
1107 2770 1281 2828 quidem
1308 2788 1400 2813 non
1430 2786 1528 2822 esse,

115 2836 254 2865 tamen
287 2839 370 2866 esse
400 2831 478 2867 sub
509 2827 611 2879 lege.
