1788 3111
225 121 284 164 50
566 118 789 164 Omenms
818 134 864 164 m
895 121 973 164 ΕΡ.
1000 133 1062 163 An
1093 121 1319 165 Rommos

225 235 301 277 sed
332 234 436 276 dum
470 244 542 276 aut
571 250 704 276 vanae
737 235 896 286 gloriae
923 237 1110 286 student,
1142 248 1215 277 aut
1244 237 1476 280 adulantur
1502 239 1659 281 errori-

228 314 308 354 bus
338 310 527 362 vetustis,
564 324 636 353 aut
664 323 783 353 metu
812 311 1059 368 principum
1092 315 1381 364 refrenantur,
1420 316 1661 358 damnatio-

227 388 292 431 nis
321 405 423 431 suae
457 388 538 445 ipsi
574 387 736 446 judices
778 391 906 431 fiunt:
949 407 972 430 a
1003 390 1157 446 quibus
1188 391 1358 441 veritas,
1401 408 1529 447 quam
1559 394 1658 435 Deo

228 468 441 508 revelante
471 469 774 518 cognoverant,
807 478 878 508 aut
899 469 1062 509 exclusa
1092 469 1285 510 libertate
1310 470 1559 521 contegitur,
1591 482 1662 512 aut

230 556 442 596 gestorum
480 543 705 600 iniquitate
740 545 982 596 denegatur.
1041 546 1100 587 Ita
1142 562 1240 598 ergo
1272 547 1357 588 Dei
1397 548 1460 588 ira
1497 548 1663 588 videtur

229 622 446 664 interdurn
476 622 604 663 virtus
633 621 748 677 ipsa,
777 638 886 676 quae
914 635 1080 678 praeest
1107 641 1346 680 poenarum
1379 625 1593 675 ministris,
1624 637 1664 666 et

232 715 342 755 quae
377 698 589 754 supplicia
624 698 754 740 infert
792 699 1114 754 peccatoribus,
1155 700 1260 742 dici:
1299 702 1406 744 sicut
1435 702 1664 754 significari

231 776 420 818 existimo
453 776 498 818 in
531 792 604 826 eo,
635 777 754 832 quod
789 779 983 826 refertur,
1014 777 1173 833 quia¹)
1203 778 1265 819 ira
1296 780 1382 821 Dei
1413 796 1664 821 commove-

233 853 286 895 rit
315 853 478 903 David,
520 864 569 894 ut
606 852 777 907 juberet
806 854 921 895 Joab
963 871 1192 895 numerare
1222 857 1447 912 populum.
1507 857 1594 898 Sed
1625 868 1665 898 et

233 930 414 973 ministri
457 929 544 987 ejus
574 930 866 982 significantur
895 946 942 971 ac
982 931 1088 973 socii
1127 931 1171 972 in
1213 949 1286 982 eo,
1327 935 1445 989 quod
1488 934 1663 975 dicitur:

232 1007 494 1064 .„immisit²)
523 1007 570 1049 in
600 1024 672 1049 eos
701 1008 810 1048 iram
840 1008 999 1050 furoris
1029 1009 1105 1059 sui,
1140 1009 1460 1051 tribulationem
1494 1022 1532 1052 et
1554 1010 1663 1052 iram

233 1103 312 1142 per
341 1086 514 1138 angelos
543 1086 722 1127 malos.“
780 1085 1002 1126 Interdum
1043 1086 1167 1127 etiam
1197 1086 1328 1143 ipsius
1369 1088 1666 1138 conscientiae,

235 1181 331 1205 cum
365 1163 665 1219 delinquimus,
685 1163 907 1218 ultores3)
939 1175 978 1204 et
1008 1163 1192 1206 vindices
1221 1164 1380 1206 stimuli
1400 1164 1490 1206 irae
1514 1165 1666 1220 appel-

233 1243 390 1291 lantur,
418 1241 526 1282 sicut
544 1239 660 1281 idem
681 1241 914 1296 Apostolus
943 1240 1066 1282 dicit:
1098 1241 1322 1291 „recondis
1340 1241 1386 1297 4)
1415 1241 1554 1297 tibi5)
1583 1241 1666 1298 ipsi

232 1319 341 1360 iram
372 1317 418 1358 in
452 1317 520 1358 die
548 1317 694 1359 irae:“
734 1329 774 1358 et
804 1317 929 1359 alibi:
969 1319 1115 1367 „inter
1129 1318 1174 1374 6)
1211 1309 1255 1360 se
1293 1318 1476 1359 invicem
1508 1318 1667 1370 cogita—

233 1395 423 1438 tionibus
444 1394 750 1444 accusantibus,
782 1406 853 1436 aut
876 1395 1002 1437 etiam
1024 1396 1364 1445 defendentibus,
1393 1396 1438 1437 in
1462 1395 1542 1445 die,
1566 1412 1665 1437 cum

232 1470 443 1530 judicabit
479 1471 599 1514 Deus
639 1473 807 1513 occulta
847 1472 1117 1514 hominum.“
1177 1472 1264 1515 Sed
1302 1484 1341 1513 et
1378 1473 1667 1516 tribulationis

234 1551 299 1590 vel
328 1549 571 1591 tentationis
602 1549 777 1591 afflictio
808 1549 871 1591 ira
901 1549 986 1591 Dei
1015 1551 1279 1601 nominatur,
1308 1551 1416 1592 sicut
1446 1549 1545 1606 et7)
1575 1551 1665 1591 Job

236 1625 359 1668 dicit:
401 1626 563 1681 „ira⁸)
604 1639 746 1668 autem
777 1627 960 1668 Domini
992 1639 1051 1669 est
1085 1629 1129 1668 in
1162 1643 1349 1683 corpore
1378 1633 1516 1669 meo.“
1576 1626 1667 1669 Cur

237 1716 378 1745 autem
417 1704 472 1744 de
515 1705 641 1745 coelo
680 1722 799 1746 nunc
836 1705 899 1746 ira
941 1704 1096 1746 dicitur
1110 1703 1156 1761 9)
1195 1702 1401 1746 revelari?
1459 1704 1666 1747 Fortassis

237 1781 291 1822 ad
324 1780 643 1822 distinctionem
674 1780 843 1823 alterius
874 1781 984 1831 irae,
1015 1797 1124 1837 quae
1152 1799 1242 1823 non
1275 1793 1334 1823 est
1368 1783 1420 1823 de
1452 1784 1590 1832 coelo,
1619 1795 1667 1825 ut

236 1870 297 1900 est
325 1858 454 1900 illud:
485 1859 636 1908 „furor
655 1858 726 1915 ¹⁰)
758 1861 997 1902 draconum
1023 1861 1168 1900 vinum
1198 1875 1362 1909 eorum,
1392 1871 1431 1901 et
1452 1859 1523 1916 ¹¹)
1543 1861 1668 1902 furor

358 2015 400 2073 ¹)
429 2016 539 2060 Edd.
568 2017 628 2059 M.
662 2030 701 2060 et
728 2018 779 2062 R.
812 2020 857 2061 in
888 2031 1022 2061 textu:
1054 2019 1181 2074 „quia
1210 2019 1272 2060 ira
1303 2019 1388 2061 Dei
1419 2036 1666 2061 commove-

238 2078 328 2115 rat“
359 2084 450 2123 etc„
480 2076 544 2116 ed.
572 2086 716 2117 tamen
746 2077 795 2117 R.
821 2077 866 2118 in
895 2077 1027 2118 notis:
1059 2075 1184 2127 ‚,Mss.
1206 2076 1402 2131 quidam:
1434 2075 1559 2133 quod
1591 2079 1666 2119 ira

240 2129 333 2171 Dei
347 2133 673 2172 commoveriw
694 2144 770 2177 etc.
790 2158 841 2166 ·-
864 2132 949 2174 Cfr.
973 2133 1012 2172 ll
1030 2133 1144 2174 Sam.
1159 2133 1320 2184 XXIV,
1341 2133 1502 2189 12(ss
1515 2133 1642 2186 Regg.

357 2201 403 2256 2)
435 2201 591 2243 Psalm.
620 2202 856 2254 LXXVIII,
886 2205 953 2247 49.
985 2201 1249 2260 (LXXVII.)

356 2272 403 2326 3)
434 2272 511 2313 Ed.
544 2272 593 2315 R.
622 2272 666 2313 in
698 2285 831 2315 textu:
874 2275 1060 2323 „ultores
1102 2284 1139 2313 et
1177 2272 1364 2314 vindices
1401 2272 1561 2314 stimuli
1603 2273 1665 2315 ira

239 2329 550 2384 appellantur‚“
577 2329 621 2370 in
651 2331 780 2371 notis:
813 2332 939 2380 „editi
971 2329 1028 2386 (e.
1052 2347 1086 2371 c.
1110 2330 1204 2370 cdd.
1227 2328 1331 2385 Μ.);
1364 2328 1538 2371 ultores
1556 2331 1665 2371 vin-

240 2386 367 2425 dices
396 2384 574 2425 stimuli
606 2387 706 2425 irae
738 2386 1081 2444 appellantur.“

357 2453 402 2508 ⁴)
433 2454 561 2496 Rom.
591 2455 643 2505 II,
674 2457 712 2498 5.

357 2524 402 2579 5)
433 2524 545 2566 Edd.
575 2524 770 2567 Merlini:
800 2525 876 2567 tibi
905 2526 1014 2567 iram
1043 2526 1134 2581 ipse
1163 2525 1207 2565 in
1240 2525 1307 2566 dic
1339 2537 1415 2567 etc.

356 2594 402 2650 6)
434 2595 560 2636 Rom.
591 2595 643 2644 Il,
675 2599 739 2639 15.
773 2597 837 2639 16.
930 2596 974 2652 7)
1005 2596 1137 2637 Deest
1167 2602 1260 2645 ‚,et“
1290 2595 1334 2636 in
1362 2597 1455 2637 edd.
1477 2594 1665 2638 Merlini.

355 2664 401 2719 ⁸)
432 2665 531 2705 Job.
563 2664 646 2715 VI,
675 2665 714 2707 4.
833 2665 878 2721 ⁹)
908 2666 1020 2710 Edd.
1053 2660 1249 2708 Merlini:
1288 2665 1464 2707 revelari
1496 2666 1663 2708 dicitur.

329 2734 402 2790 ιο)
434 2735 560 2776 Deut.
590 2735 781 2784 XXXII,
808 2737 875 2779 33.

330 2804 401 2860 ¹¹)
434 2805 492 2846 lta
526 2807 637 2857 Mss.,
669 2807 769 2848 editi
797 2823 898 2848 vero
932 2807 990 2863 (e.
1023 2824 1058 2849 c.
1089 2807 1186 2850 cdd.
1211 2805 1319 2862 Μ.);
1353 2818 1419 2858 „ct
1446 2822 1662 2849 venenum

238 2861 432 2916 aspidum
464 2864 739 2905 insanabilc.“
770 2863 819 2904 R.
