1788 3111
468 121 907 164 COMMENTAmonum
938 120 1028 162 Lm.
1059 119 1132 160 IV.
1429 119 1515 165 285

95 251 145 278 ex
172 235 258 277 fide
287 244 327 276 et
353 251 446 276 non
477 250 524 276 ex
556 233 754 290 operibus
784 230 998 291 justificati
1027 242 1137 283 sunt,
1167 231 1515 289 informentur¹)

93 313 147 354 ab
177 313 404 368 Apostolo,
432 311 662 353 videamus.

205 390 244 433 8.
275 388 524 439 „Justificati
542 387 587 444 ²)
629 386 754 440 igitur
795 403 842 428 ex
879 387 985 437 fide,
1032 402 1181 442 pacem
1221 386 1515 445 habeamus³>

91 467 147 508 ad
177 465 321 507 Deum
360 482 436 522 per
463 463 706 506 Dominum
751 475 945 505 nostrum
982 463 1127 505 Jesum
1157 462 1394 515 Christum,
1438 482 1518 522 per

91 557 217 598 quem
250 553 289 582 et
302 540 346 597 4)
379 558 589 584 accessum
619 541 824 581 habemus
841 557 919 596 per
938 541 1068 582 fidem
1097 540 1141 581 in
1173 542 1348 592 gratiam
1377 542 1515 592 istam,

90 619 135 659 in
168 636 249 674 qua
277 630 444 668 stamus,
474 628 512 658 et
543 616 778 669 gloriamur
806 617 910 673 in5)
941 634 1016 674 spe
1035 617 1193 670 gloriae
1210 618 1334 659 Dei.“
1377 620 1514 675 Aper-

89 694 244 738 tissime
261 694 305 751 ⁵)
335 711 413 751 per
441 694 525 735 hoc
557 710 667 744 eum,
699 693 771 749 qui
803 693 1024 744 intellexit,
1057 694 1159 750 quid
1199 695 1250 737 sit
1280 712 1328 737 ex
1357 696 1443 738 fide
1473 708 1514 738 et

88 789 181 813 non
213 789 259 813 ex
292 771 491 828 operibus
520 769 762 828 justificari,
801 772 855 812 ad
884 787 1035 826 pacem
1065 771 1171 821 Dei,
1202 789 1310 828 quae
1338 784 1512 829 superat

88 866 261 891 omnem
291 860 500 898 mentem,
537 848 583 889 in
613 864 695 903 qua
728 859 767 888 et
801 865 966 889 summa
999 848 1271 903 perfectionis
1312 849 1511 900 consistit,

83 925 240 967 invitat.
297 924 383 966 Sed
412 936 460 966 ut
490 925 729 977 diligentius
759 940 926 966 sensum
962 924 1267 980 perspiciamus
1298 926 1509 982 Apostoli,

84 1003 187 1059 quid
216 1002 298 1044 sibi
326 1002 425 1044 velit
453 1002 570 1059 pacis
601 1018 775 1051 nomen,
807 1013 846 1042 et
878 1000 964 1059 ejus
992 1001 1120 1058 pacis,
1159 1017 1267 1056 quae
1305 1018 1383 1058 per
1412 1003 1508 1044 Do·-

81 1080 248 1121 minum
277 1092 469 1122 nostrum
505 1079 719 1121 Christum
752 1090 822 1129 est,
856 1079 1166 1135 perquiramus.
1223 1078 1311 1119 Pax
1343 1078 1511 1130 dicitur,

82 1157 159 1199 ubi
187 1175 314 1199 nemo
351 1156 542 1207 dissidet,
582 1172 710 1197 nemo
744 1157 973 1207 discordat,
1001 1156 1077 1197 ubi
1106 1155 1215 1196 nihil
1245 1156 1412 1206 hostile,
1439 1157 1508 1198 ni-

81 1232 143 1274 hil
178 1234 412 1274 barbarum
454 1233 620 1285 geritur.
678 1234 766 1275 Nos
805 1247 918 1284 ergo,
957 1233 1030 1289 qui
1075 1232 1306 1288 aliquando
1346 1234 1506 1276 fuimus

80 1309 244 1351 inimici
267 1309 362 1359 Dei,
391 1322 611 1365 sequentes
634 1310 799 1352 hostem
819 1320 859 1350 et
874 1320 1101 1367 tyrannum
1120 1309 1356 1360 diabolum,
1373 1328 1506 1362 nunc,

79 1385 112 1428 si
142 1386 252 1428 illius
293 1403 412 1428 arma
439 1385 773 1444 projicimus,⁷)
817 1398 857 1429 et
892 1387 1056 1438 signum
1098 1385 1253 1428 Christi
1298 1399 1339 1429 et
1368 1389 1505 1432 crucis

80 1461 168 1519 ejus
198 1463 345 1504 vexilla
383 1463 716 1520 suscipixnus‚8)
757 1480 908 1520 pacem
928 1463 974 1519 ⁹)
1012 1463 1161 1519 utique
1203 1464 1409 1507 habemus
1447 1469 1503 1509 ad

77 1540 236 1590 Deum,
266 1542 339 1581 sed
369 1557 448 1596 per
475 1540 718 1582 Dominum
748 1552 942 1582 nostrum
972 1540 1118 1581 Jesum
1154 1539 1393 1593 Christum,
1428 1544 1503 1599 qui

75 1633 156 1658 nos
183 1632 262 1672 per
283 1617 462 1658 hostiam
481 1616 693 1668 sanguinis
721 1616 785 1657 sui
809 1616 1100 1657 reconciliavit
1127 1617 1239 1667 Deo,
1266 1618 1374 1660 sicut
1400 1620 1505 1661 scri-

73 1704 195 1750 ptum
239 1705 318 1736 est:
354 1710 481 1744 „cum
500 1692 572 1750 ¹⁰)
610 1709 789 1735 essemus
820 1693 986 1735 inimici
1015 1693 1120 1745 Dei,
1149 1694 1503 1752 reconciliati¹¹)

196 1826 240 1883 ¹)
270 1827 376 1868 Msc.
408 1825 556 1868 Codex
585 1824 927 1877 Vallis-Clarae,
957 1837 996 1868 et
1023 1844 1133 1871 unus
1161 1827 1338 1881 Regius:
1366 1846 1500 1881 „con-

75 1883 340 1925 firmentur.“
372 1884 421 1924 R.

191 1953 238 2009 2)
267 1955 394 1995 Rom.
424 1954 476 2004 V,
507 1954 544 1996 1.
576 1956 615 1997 2.

192 2023 239 2078 ³)
269 2025 384 2065 Alias
407 2025 466 2080 (v.
499 2039 532 2066 c.
562 2024 607 2066 in
639 2025 734 2066 edd.
764 2022 873 2078 M.):
900 2023 1132 2074 „habemus
1161 2026 1217 2067 ad
1244 2025 1429 2068 Deum.“
1448 2027 1498 2080 R,

192 2092 240 2148 4)
270 2093 547 2134 Desideratur
575 2098 667 2143 „et“
696 2096 741 2135 in
773 2095 870 2135 edd.
900 2094 962 2134 M.

70 2161 385 2260 DeiusffiEffiti
429 2162 489 2219 (v,
536 2180 568 2205 c.
617 2164 712 2207 edd.
754 2162 861 2219 M.):
901 2162 972 2213 „in
1014 2178 1090 2219 spe
1118 2162 1278 2215 gloriae
1305 2165 1497 2210 filiorum

191 2287 237 2341 ⁶)
271 2289 390 2330 Editi
434 2288 492 2342 (e.
532 2305 567 2330 c.
609 2289 706 2330 edd.
745 2288 854 2344 Μ.>;
900 2288 1201 2345 „Apertissime
1252 2291 1364 2335 enim
1417 2310 1497 2350 per

72 2345 191 2394 haec,
225 2361 334 2400 quae
362 2345 590 2387 intellexit“
619 2358 693 2386 etc.
723 2345 774 2386 R.

191 2414 235 2470 ⁷)
265 2415 365 2456 Mss.
407 2413 563 2464 nostri,
605 2415 697 2456 alii:
736 2414 1059 2470 „projicimus,“
1101 2416 1171 2459 alii
1200 2417 1367 2475 (itemq.
1397 2421 1493 2463 edd.

74 2469 184 2525 Md)
214 2471 536 2528 „projecimus,“
567 2470 662 2512 alii:
691 2471 1036 2530 ,‚pr0jiciamus.“
1064 2471 1115 2514 R.

189 2539 233 2595 ⁸)
266 2542 364 2584 Mss.
403 2541 550 2591 nostri,
594 2540 688 2582 alii:
728 2541 1042 2597 „suscipimus‚“
1079 2542 1150 2585 alii
1192 2544 1357 2602 (itemq.
1396 2548 1490 2590 edd.

73 2593 180 2650 M.):
213 2597 535 2653 „suscepimus,“
564 2598 654 2639 alii:
682 2597 1023 2654 ‚,suscipiamus.“
1051 2597 1101 2640 R.

189 2664 235 2719 ⁹)
264 2667 344 2708 Ed.
375 2668 435 2710 M.
464 2668 527 2710 II:
556 2684 793 2724 pacemque
819 2666 965 2724 utique
994 2669 1200 2712 habemus
1230 2682 1304 2712 etc.

164 2733 236 2790 ¹⁰)
266 2735 394 2778 Rom.
423 2738 476 2788 V,
505 2739 571 2781 10.
602 2739 700 2781 coll.
731 2739 827 2779 edd.
863 2739 915 2779 N.
946 2738 995 2779 T.

107 2858 117 2868 ο
163 2804 234 2869 Η.)
266 2804 380 2847 Editi
418 2807 475 2862 (e.
514 2825 547 2850 c.
588 2809 682 2849 edd.
725 2808 832 2863 Ma)
871 2809 1161 2858 „reconciliati
1199 2827 1342 2856 sumus
1374 2812 1487 2855 Deo.

71 2859 118 2902 Sl
148 2876 239 2917 quis
268 2877 367 2916 ergo
399 2863 525 2906 habet
553 2869 729 2922 pacem“
761 2876 838 2908 etc.
860 2864 910 2906 R.
