1788 3111
498 148 940 193 Commnnramonum
971 149 1062 193 Lm.
1094 151 1166 193 III.
1453 154 1540 200 213

122 264 175 305 de
207 261 413 303 mandatis
452 261 656 311 Domini,
688 262 805 317 quod
826 261 870 314 ¹)
910 280 1002 305 non
1032 265 1124 314 fiet,
1163 275 1204 306 et
1232 265 1468 322 deliquerit,
1497 278 1536 308 et

118 339 351 381 innotuerit
380 339 428 380 iis
457 350 689 394 peccatum,
725 339 843 393 quod
873 352 1175 395 peak-iverunt,
1204 343 1386 382 adducet
1412 360 1535 401 syna-

119 432 223 469 goga
251 415 427 456 vitulum
461 432 507 455 ex
536 415 674 455 bobus
691 412 735 470 ²)
783 431 863 470 pro
895 428 1092 471 peccato:
1110 423 1134 441 ‘⁸
1177 428 1217 458 et
1246 429 1342 473 post
1369 435 1533 473 pauca:

118 493 244 547 ,‚et3)
276 493 427 533 inferet
452 492 672 540 sacerdos,
710 491 780 545 qui
811 503 960 534 unctus
992 504 1070 542 est,
1109 508 1154 533 ex
1183 494 1386 545 sanguine
1414 495 1533 537 vituli

116 570 160 611 in
192 568 508 611 tabernaculum
539 566 810 607 testimonii:“
841 579 879 607 et
908 580 1005 623 post
1030 585 1167 624 pauca
1200 569 1374 611 iterum:
1405 583 1472 620 ‚,et
1486 571 1531 626 ⁴²)

117 645 262 693 faciet,
292 643 448 699 inquit,
478 642 676 690 vitulum,
717 644 1081 697 quemadmodum
1116 646 1214 687 fecit
1242 645 1417 688 vitulum
1448 663 1529 702 pro

115 733 306 777 peccato,
338 731 376 761 ct
406 718 701 774 repropitiabit
742 736 822 774 pro
867 721 930 762 his
967 723 1188 772 sacerdos,
1230 735 1269 764 et
1297 723 1532 765 remittetur

115 799 202 839 iisf‘
278 797 361 837 Per
405 794 649 846 sanguinem
699 810 796 847 ergo
818 795 861 850 ⁵)
913 797 1164 853 repropitiat
1205 801 1401 842 sacerdos
1446 817 1527 856 pro

117 874 235 915 omni
265 887 484 932 synagoga,
513 882 560 911 ut
590 872 822 912 remittatur
851 872 912 913 iis.
970 873 1251 929 Requiramus
1289 893 1404 917 nunc
1441 876 1528 918 sin-

114 952 206 1003 gula
242 964 433 1005 quaeque
461 948 659 996 nomina,
700 964 807 1003 quae
837 950 891 990 de
921 949 1140 991 Salvatore
1167 950 1320 1005 scripta
1350 963 1459 1001 sunt,
1489 963 1529 992 et

112 1027 156 1068 in
202 1026 371 1078 singulis
421 1023 796 1081 appellationibus,
836 1041 944 1080 quae
980 1025 1061 1066 sint
1099 1042 1208 1081 quae
1246 1027 1527 1078 designentur,

111 1103 348 1154 diligentius
392 1103 740 1156 contemplemur.
824 1088 1072 1158 Inveniesfi)
1117 1101 1262 1155 igitur,
1321 1102 1526 1157 quoniam

113 1180 284 1235 quidem
314 1180 359 1219 in
388 1178 480 1233 ipso
513 1179 773 1233 complacuit
795 1179 986 1220 habitare
1016 1196 1188 1221 omnem
1213 1179 1524 1236 plenitudinem

114 1255 336 1297 divinitatis
375 1254 676 1310 corporaliter,
714 1271 799 1295 esse
835 1255 972 1310 ipsum
1017 1267 1056 1296 et
1095 1255 1455 1311 propitiatorium,
1486 1267 1526 1297 et

111 1332 379 1388 pontificem,
422 1342 462 1371 et
490 1331 691 1380 hostiam,
735 1347 842 1387 quae
888 1334 1065 1373 offertur
1099 1349 1179 1388 pro
1223 1332 1403 1387 populo.
1470 1332 1526 1373 Et

112 1409 282 1464 quidem
317 1409 369 1449 de
398 1407 697 1462 propitiatorio
727 1406 811 1465 jam
843 1409 939 1450 satis
977 1407 1093 1464 est7)
1136 1408 1307 1450 dictum.
1366 1409 1453 1450 Sed
1486 1420 1525 1449 et

111 1487 164 1527 de
194 1485 396 1541 pontifice
436 1484 647 1526 evidenter
674 1483 815 1524 David
846 1483 890 1525 in
918 1484 1087 1526 Psalmo
1105 1484 1171 1540 ⁸),
1217 1497 1257 1526 et
1292 1487 1523 1541 Apostolus

108 1561 267 1602 Paulus
298 1562 349 1601 ad
381 1560 596 1600 Hebraeos
613 1559 656 1614 ⁹)
685 1560 840 1601 scribit.
902 1560 1034 1614 Quod
1065 1572 1203 1602 autem
1225 1561 1276 1602 sit
1305 1574 1344 1602 et
1373 1562 1522 1612 hostia,

107 1648 278 1678 testatur
305 1636 506 1685 Joannes,
537 1636 699 1677 dicens:
728 1636 822 1685 „hic
841 1636 910 1690 ¹⁰)
941 1648 997 1678 est
1027 1629 1155 1688 agnus
1178 1636 1282 1686 Dei,
1311 1637 1383 1692 qui
1412 1638 1523 1679 tollit

106 1724 281 1768 peccata
325 1712 514 1752 mundi.“
583 1712 830 1752 Secundum
867 1713 950 1753 hoc
983 1728 1104 1764 ergo,
1135 1714 1253 1767 quod
1283 1714 1419 1755 hostia
1451 1726 1523 1764 est,

106 1789 359 1845 profusione
394 1787 605 1840 sanguinis
633 1786 697 1829 sui
725 1788 972 1843 propitiatio
1009 1788 1190 1830 efficitur
1217 1789 1261 1829 in
1290 1806 1364 1840 eo,
1402 1792 1521 1845 quod

108 1867 179 1907 dat
216 1865 504 1907 remissionem
545 1865 888 1921 praecedentium
926 1865 1204 1906 delictorum:
1243 1882 1351 1921 quae
1378 1878 1521 1908 tamen

104 1943 352 1998 propitiatio
395 1943 448 1982 ad
486 1957 836 1997 unumquemque
875 1943 1136 1983 credentium
1170 1957 1249 1997 per
1281 1942 1391 1985 viam
1420 1942 1521 1984 fidei

106 2020 230 2060 venit.
283 2019 374 2060 Nisi
403 2018 515 2059 enim
559 2019 677 2058 daret
713 2017 1000 2059 remissionem
1039 2018 1385 2072 praecedentium
1416 2019 1521 2060 deli-

110 2106 296 2144 ctorum,
337 2094 580 2149 propitiatio
619 2111 708 2136 non
745 2094 1001 2149 probaretur
1039 2095 1199 2135 effecta.
1268 2093 1379 2135 Cum
1418 2111 1517 2136 vero

227 2295 270 2350 1)
299 2296 379 2337 Ed.
411 2296 473 2337 M.
502 2296 533 2338 I.
563 2294 701 2335 minus
732 2305 942 2334 accurate:
975 2309 1082 2348 quae
1111 2309 1201 2336 non
1230 2293 1312 2337 fiet.

222 2365 269 2420 ²)
300 2365 436 2406 Alias:
467 2366 701 2415 ‚,duobus.“
729 2364 858 2405 Male.
887 2365 939 2405 R.

220 2435 267 2490 ³)
296 2435 425 2476 Levit.
455 2436 527 2485 IV,
558 2435 624 2477 16.
724 2433 787 2490 ’4)
816 2433 945 2474 Lex-it.
974 2434 1048 2482 lV,
1075 2434 1144 2475 20.

224 2505 269 2559 ⁵)
301 2505 416 2546 Editi
449 2505 505 2558 (e.
538 2521 570 2546 c.
601 2505 695 2545 edd.
723 2503 830 2559 EID:
863 2509 1028 2553 ,‚vero.“
1057 2503 1107 2544 R.

221 2574 268 2628 ὃ)
300 2574 463 2618 Coloss.
494 2574 526 2623 I,
555 2575 619 2617 19.
651 2586 690 2615 et
719 2574 771 2622 Il,
801 2575 838 2616 9.

226 2643 270 2699 ⁷)
299 2645 574 2686 Desideratur
606 2649 717 2694 ‚,est“
747 2644 791 2684 in
822 2644 916 2702 edd.
949 2640 1131 2683 Merliui.
1173 2697 1178 2700 ᾖ

223 2712 272 2767 8)
300 2714 453 2754 Psalm.
486 2713 577 2762 CX,
606 2715 646 2755 4.
677 2705 846 2769 (CIX.)

223 2783 270 2830 9)
301 2782 429 2823 Hebr.
462 2783 511 2824 ll.
543 2800 654 2837 seqq.

201 2850 272 2906 ¹⁰)
301 2852 377 2892 Ev.
406 2853 562 2894 Joaun.
592 2853 623 2904 I,
651 2852 718 2896 29.
