1788 3111
197 122 256 166 56
537 119 759 163 OmeEMs
788 133 836 164 m
865 120 944 162 Ep.
976 131 1034 162 AD
1066 120 1289 162 ROMANOS

200 235 303 291 quid
332 233 381 277 iis
411 232 601 291 profuit,
642 251 737 275 cum
767 233 975 276 similibus
1011 233 1293 276 nihilominus
1321 233 1432 276 Novi
1461 233 1620 277 Instru-

198 311 332 352 menti
379 312 698 367 quaestionibus
744 309 1136 367 praefocentur?¹)
1194 311 1284 353 Nos
1323 323 1501 362 tamem,
1547 312 1621 368 qui

198 406 335 430 unum
365 388 572 444 Deum2)
600 390 769 430 bonum
801 400 840 429 et
871 387 1027 445 justum
1057 389 1176 439 legis,
1219 400 1257 429 et
1295 389 1621 445 prophetarum,

201 477 240 506 et
260 465 605 518 Evangeliorum,
634 466 803 506 Patrem
833 463 989 507 Christi
1018 466 1212 515 fatemur,
1241 466 1391 507 iisdem
1423 468 1620 522 explana-

195 542 385 584 tionibus
417 555 455 584 et
484 543 530 584 in
569 545 695 586 Novo
729 554 767 583 et
796 541 840 582 in
870 541 1015 583 Veteri
1043 543 1202 583 utimur
1231 541 1528 592 Testamento‚
1555 542 1620 583 in-

197 631 395 663 vocantes
437 637 557 670 eum,
595 621 667 675 qui
696 619 839 676 posuit
855 618 901 675 3)
930 618 975 660 in
1008 619 1116 661 Sion
1145 619 1332 677 lapidem
1358 619 1623 670 offensionis,

200 707 239 737 et
266 709 431 752 petram
460 697 672 748 scandali,
714 708 760 737 ut
797 696 887 752 ipse
916 695 1042 737 nobis
1083 712 1162 750 per
1191 696 1396 752 Spiritum
1427 708 1622 739 sanctum

197 789 322 814 suum
350 775 632 816 offensionem
666 785 705 815 et
732 774 979 815 scandalum
1009 774 1204 816 lectionis
1229 775 1514 830 Apostolicae,
1545 790 1624 830 per

200 864 329 904 quam
361 851 518 893 dubiae
546 863 708 892 mentes
741 850 905 892 offendi
934 851 1143 900 videntur,
1175 851 1346 907 aperiat.
1401 851 1622 906 Frequen-

198 937 265 967 ter
291 926 336 968 in
369 928 600 985 Scripturis
629 927 890 978 invenimus,
933 940 974 969 et
1009 945 1032 969 a
1070 928 1197 969 nobis
1235 945 1360 984 saepe
1400 927 1622 970 dissertum

200 1015 272 1054 est,
304 1007 424 1060 quod
455 1007 589 1048 homo
622 1005 803 1062 spiritus,
835 1017 875 1046 et
895 1022 1064 1060 corpus,
1097 1017 1136 1045 et
1157 1005 1297 1047 anima
1329 1021 1413 1047 esse
1445 1004 1623 1066 dicatur.

198 1082 362 1124 Verum
402 1100 496 1125 cum
539 1084 714 1133 dicitur,
755 1082 853 1138 quia
891 1100 1018 1132 „caro
1037 1081 1081 1137 4)
1125 1082 1389 1139 concupiscit
1427 1084 1624 1124 adversus

1245 1165 1269 1183 “
1299 1160 1438 1201 inedia
1468 1160 1625 1215 procul

196 1159 414 1215 spiritum,
443 1161 611 1218 spiritus
642 1171 783 1202 autem
815 1161 1009 1201 adversus
1041 1176 1235 1209 carnem,

200 1237 333 1278 dubio
366 1238 544 1294 ponitur
574 1239 734 1287 anima,
775 1254 883 1292 quae
914 1239 977 1277 vel
1010 1236 1224 1278 desideriis
1253 1236 1421 1292 spiritus
1453 1236 1627 1292 acquie-v

198 1326 297 1364 scat,
325 1316 390 1355 vel
422 1318 475 1357 ad
503 1314 639 1356 carnis
663 1315 1027 1370 concupiscentias
1051 1314 1302 1355 inclinetur:
1335 1326 1374 1354 et
1395 1315 1427 1355 si
1449 1315 1622 1369 quidem

198 1408 241 1433 se
270 1391 453 1448 junxerit
491 1391 630 1441 carni,
669 1409 805 1432 unum
838 1408 936 1432 eum
968 1408 1015 1432 ea
1047 1390 1262 1446 corpus⁵)
1302 1391 1345 1431 in
1376 1390 1556 1433 libidine
1586 1402 1626 1431 et

200 1470 555 1525 concupiscentiis
587 1468 674 1526 ejus
708 1468 900 1518 efficitur,
929 1467 962 1509 si
992 1485 1092 1510 vero
1123 1485 1166 1510 se
1197 1468 1418 1510 sociaverit
1444 1469 1623 1525 spiritui,

199 1563 310 1588 unus
343 1564 441 1588 cum
473 1564 520 1589 ea
549 1547 719 1604 spiritus
755 1545 841 1586 erit.
900 1545 1068 1586 Idcirco
1101 1547 1286 1602 denique
1317 1548 1370 1587 de
1399 1546 1482 1595 his,
1515 1563 1624 1602 quo-

196 1640 295 1664 rum
335 1640 379 1664 se
420 1625 586 1665 animae
628 1641 674 1665 ex
713 1623 879 1675 integro
924 1640 1021 1663 cum
1061 1639 1189 1663 carne
1227 1621 1474 1679 junxerant,
1524 1623 1625 1663 dicit

197 1700 415 1742 Dominus
445 1700 489 1742 in
522 1701 770 1756 Scripturis:
809 1699 928 1757 „jam
946 1700 990 1754 ὅ)
1029 1717 1116 1740 non
1148 1700 1419 1754 permanebit
1455 1699 1624 1755 spiritus

198 1794 317 1818 meus
348 1777 393 1818 in
423 1778 672 1819 hominibus
702 1777 808 1827 istis,
838 1779 934 1832 quia
967 1793 1066 1817 caro
1099 1782 1248 1816 sunt:“
1292 1778 1344 1816 de
1374 1777 1437 1818 ln's
1469 1788 1623 1826 autem,

199 1871 386 1910 quorum
431 1855 572 1896 anima
619 1857 757 1896 fuerat
797 1854 962 1911 spiritui
1007 1853 1188 1902 sociata,
1228 1855 1461 1909 Apostolus
1502 1854 1621 1895 dicit:

196 1933 357 1988 „vos⁷)
389 1945 526 1974 autem
558 1950 650 1973 non
681 1932 774 1973 estis
810 1932 854 1973 in
892 1947 1041 1980 carne,
1079 1931 1152 1971 sed
1190 1930 1233 1971 in
1265 1931 1454 1985 spiritu.“
1512 1931 1624 1972 Sunt

195 2002 418 2066 praeterea
447 2035 502 2042 —-
531 2010 639 2051 sicut
666 2009 712 2051 in
736 2010 878 2050 multis
901 2008 1146 2063 Scripturae
1177 2008 1280 2049 locis
1308 2008 1545 2050 invenimus
1567 2034 1623 2039 -—

199 2089 322 2129 etiam
353 2089 570 2143 utriusque
598 2087 741 2142 partis,
770 2088 834 2127 vel
864 2086 1081 2140 utriusque
1111 2086 1200 2128 viae
1231 2087 1417 2127 fautores
1447 2087 1622 2141 quidam

200 2177 237 2206 et
270 2164 484 2221 adjutores
516 2165 663 2217 angeli.
719 2165 830 2206 Nam
847 2163 893 2219 ὃ)
929 2163 1046 2204 carni
1077 2163 1395 2219 concupiscenti
1428 2165 1623 2206 adversus

316 2326 360 2371 Γ)
391 2326 495 2367 Nise.
526 2343 656 2367 unus:
687 2330 1052 2382 ‚‚provocentur“;
1093 2326 1190 2367 cdiii
1228 2326 1286 2380 (e.
1321 2344 1353 2368 c.
1386 2328 1480 2367 edd.
1512 2325 1620 2373 MR:

198 2384 558 2438 ‚,praeseran[ur.“
619 2383 782 2423 Caeteri
814 2383 914 2424 Mss.
946 2383 1116 2423 rectius:
1149 2385 1513 2437 „pincsticcntur.“
1542 2382 1592 2422 ll.

316 2452 362 2506 ²)
391 2452 503 2493 Edd.
534 2452 728 2493 Merlini:
761 2454 925 2493 honum
959 2453 1099 2492 Deum
1133 2464 1206 2492 etc.

314 2521 361 2578 3)
389 2521 515 2563 Rom.
547 2522 622 2572 IX,
652 2525 718 2565 33.
759 2524 853 2563 coll.
885 2523 967 2564 Jcs.
997 2522 1199 2572 XXVIII,
1233 2524 1296 2566 16.

315 2592 360 2648 4)
396 2591 531 2635 Galat.
562 2593 613 2641 V,
646 2594 710 2637 17.
832 2593 875 2642 ⁵)
905 2593 924 2632 I
959 2592 1058 2633 Cor.
1089 2593 1162 2641 Vl,
1194 2595 1258 2637 16.
1292 2594 1355 2637 17.

314 2662 360 2717 6)
395 2662 722 2711 Genes.v1,3
839 2662 882 2716 ⁷)
915 2663 1039 2703 Rom
1072 2651 1255 2712 V111,'9.

314 2733 361 2787 ⁸)
392 2733 452 2774 Ita
486 2745 598 2774 recte
628 2732 961 2788 Wlss.pl‹1ique.
1006 2732 1123 2774 Editi
1144 2750 1242 2773 veto
1272 2734 1329 2788 (t.
1355 2751 1386 2773 c.
1413 2735 1506 2774 edd.
1524 2734 1622 2789 Μ.),

200 2801 239 2830 et
259 2789 479 2831 Rabanus:
512 2791 648 2839 „Nam
681 2806 816 2831 carnis
835 2789 1228 2854 concupiscentine“
1261 2802 1335 2831 eu.
1381 2790 1483 2832 Msc.
1514 2808 1623 2831 unus

198 2846 299 2897 Reg.
329 2846 587 2888 num.1640.
620 2846 756 2894 „Nam
789 2845 947 2887 carnali
980 2847 1375 2902 concupiscentiae“
1408 2858 1482 2888 etc.
1514 2846 1564 2887 Il.
