1788 3111
542 103 982 145 COMMENTAmonum
1013 101 1102 141 Lm.
1134 101 1168 140 Η
1178 103 1205 140 Ι.
1500 102 1579 143 181

168 217 285 257 Dum
318 216 429 257 enim
464 215 656 270 corporis
685 213 1041 256 sollicitudinibus
1073 229 1352 267 occupamur,
1386 225 1444 261 et,
1473 228 1581 268 quae

167 293 390 334 hominum
419 305 538 343 sunt,
580 289 900 348 quaerimus‚¹)
943 289 1085 330 Deum
1118 306 1339 345 quaerere,
1381 291 1442 330 vel
1474 307 1581 346 quae

167 371 250 412 Dei
279 383 395 419 sunt,
427 371 610 422 cogitare
638 385 726 409 non
758 383 992 422 possumus.

277 447 316 487 3.
349 445 596 501 ‚,Omnes2)
628 444 955 493 declinaverunt,
983 444 1107 485 simul
1137 443 1303 484 inutiles
1325 444 1423 484 sacti
1447 449 1580 486 sunt.“

167 523 276 564 Mihi
308 523 494 571 videtur,
540 523 656 577 quod
696 537 783 561 non
827 522 979 562 dicitur
1019 520 1266 569 declinasse,
1305 520 1383 560 nisi
1413 521 1467 569 is,
1507 520 1578 577 qui

167 599 395 654 aliquando
426 598 471 638 in
500 597 564 637 via
594 609 704 638 recta
733 598 851 639 stetit.
902 598 1029 638 Unde
1049 609 1236 652 apparet,
1266 595 1453 651 primum
1472 597 1578 637 illud

166 687 339 716 naturae
369 673 629 714 rationabilis
662 691 787 728 opus,
825 676 943 729 quod
977 691 998 714 a
1029 674 1126 714 Deo
1158 675 1316 714 factum
1348 685 1426 722 est,
1454 674 1579 715 fuisse

165 763 349 799 rectum,
395 762 434 791 et
462 751 507 791 in
536 750 599 790 via
634 762 743 790 reeta
778 749 988 792 Creatoris
1018 750 1147 806 ipsius
1177 766 1355 791 munere
1389 751 1575 791 colloca-

164 841 263 869 tum.
307 827 394 868 Sed
422 827 518 882 quia
551 828 603 867 ab
636 827 714 867 hac
747 829 799 867 ad
831 827 1067 882 laeva1u3),
1097 827 1260 882 peccati
1289 827 1367 867 iter
1389 826 1576 874 detorsit,

163 905 314 945 merito
345 921 460 944 nunc
493 904 645 945 dicitur
676 904 926 953 declinasse,
965 904 1072 945 sicut
1102 905 1294 959 exemplo
1312 900 1356 956 4)
1398 915 1456 944 est
1488 904 1575 958 pri—

161 998 254 1022 mus
284 981 417 1021 homo
448 982 610 1028 Adam,
641 981 713 1035 qui
744 982 795 1020 de
826 981 1009 1035 paradisi
1041 982 1104 1022 via
1135 992 1246 1021 recta
1276 980 1508 1020 malesuadi
1531 980 1575 1034 5)

161 1059 311 1099 fraude
357 1057 558 1113 serpentis
599 1060 651 1098 ad
694 1074 842 1112 pravas
891 1070 929 1098 et
978 1070 1187 1100 tortuosas
1236 1056 1425 1098 mortalis
1470 1057 1575 1098 vitae

159 1136 324 1176 semitas
371 1134 606 1175 declinavit.
687 1134 1007 1190 Consequenter
1050 1151 1148 1186 ergo
1195 1151 1365 1183 omnes,
1410 1133 1483 1189 qui
1527 1150 1573 1174 ex

159 1211 286 1266 ipsius
314 1211 577 1252 successione
604 1212 646 1252 in
669 1212 781 1252 hunc
800 1214 1007 1252 mundum
1027 1212 1214 1260 veniunt,
1244 1211 1574 1259 declinaverunt,

161 1299 199 1328 et
228 1289 351 1329 simul
383 1305 479 1328 cum
510 1288 602 1342 ipso
635 1288 801 1328 inutiles
832 1287 927 1328 sacti
957 1300 1065 1328 sunt.
1129 1288 1313 1344 Propter
1351 1288 1435 1328 hoc
1464 1299 1569 1343 puto

161 1377 199 1404 ct
247 1364 488 1405 Dominum
531 1365 576 1404 in
620 1364 857 1415 Evangeliis
904 1367 1004 1406 dare
1045 1367 1317 1414 mandatum,
1359 1377 1427 1412 ut,
1475 1381 1570 1405 cum

162 1441 305 1481 omnia
349 1452 571 1496 praecepta
614 1442 858 1490 fecerimus,
904 1441 1223 1482 meminerimus
1264 1452 1430 1490 tamen,
1467 1441 1569 1496 quid

158 1518 307 1566 simus,
348 1529 386 1557 et
416 1518 623 1558 dicamus:
663 1518 855 1572 ‚,servi⁶)
885 1518 1052 1559 inutiles
1080 1533 1242 1559 sumus:
1273 1520 1387 1572 quod
1422 1519 1570 1558 debui—

157 1611 249 1634 mus
279 1595 430 1642 sacere,
460 1594 672 1636 fecimus.“
720 1595 874 1634 Donec
905 1595 1016 1634 enim
1049 1593 1139 1648 quis
1170 1594 1253 1634 hoc
1274 1595 1372 1634 facit
1393 1606 1569 1644 tantum,

158 1673 274 1726 quod
306 1672 449 1718 debet,
480 1670 526 1710 id
558 1682 636 1719 est,
668 1686 736 1720 ea,
767 1687 874 1725 quae
905 1682 1131 1726 praecepta
1160 1682 1269 1720 sunt,
1297 1670 1454 1712 inutilis
1482 1689 1568 1731 ser-

158 1766 229 1789 vus
263 1759 330 1789 est.
370 1748 416 1788 Si
448 1759 585 1788 autem
618 1748 747 1787 addas
779 1746 938 1802 aliquid
973 1746 1221 1802 praeceptis,
1249 1758 1349 1787 tunc
1370 1765 1461 1788 non
1481 1747 1566 1805 jam

154 1825 313 1866 inutilis
351 1841 491 1866 servus
532 1823 631 1872 eris,
671 1825 743 1864 sed
785 1824 949 1864 dicetur
985 1825 1038 1864 ad
1078 1835 1139 1863 te:
1178 1839 1337 1874 ‚‚euge‚
1361 1823 1406 1879 7)
1451 1842 1567 1867 serve

155 1902 271 1941 bone
301 1913 338 1941 et
366 1900 540 1942 fidelisf‘
602 1899 720 1954 Quid
751 1912 889 1941 autem
918 1899 989 1949 sit,
1009 1899 1055 1955 8)
1086 1902 1204 1955 quod
1235 1902 1416 1941 addatur
1442 1919 1565 1956 prae—

157 1979 308 2033 ceptis,
357 1991 397 2019 ct
442 1994 568 2032 supi-a
613 1978 800 2018 debitum
841 1978 933 2025 fiat,
980 1976 1136 2018 Paulus
1174 1978 1405 2032 Apostolus
1443 1979 1564 2020 dicit:

153 2057 232 2103 „de
249 2054 295 2108 9)
329 2053 555 2103 virginibus
586 2064 723 2093 autem
754 2064 1030 2107 praeceptum
1062 2053 1241 2093 Domini
1280 2071 1368 2094 non
1402 2055 1562 2096 habeo:

156 2131 380 2172 consilium
412 2141 551 2169 autem
593 2130 671 2177 do,
712 2141 912 2184 tanquam
952 2128 1285 2169 misericordiam
1318 2143 1566 2175 consecutus

154 2225 177 2248 a
207 2204 527 2260 Domino.“¹⁰)
587 2205 683 2244 Hoc
721 2221 829 2259 opus
866 2221 994 2260 super
1029 2216 1304 2260 praeceptum
1346 2218 1415 2247 est.
1476 2206 1564 2262 Qui

269 2346 313 2402 ¹)
349 2347 368 2385 I
401 2345 499 2387 Cor.
531 2344 624 2394 VII,
652 2346 718 2387 33.
747 2346 814 2386 32.
930 2343 976 2396 2)
1012 2344 1140 2385 Rom.
1171 2344 1245 2394 III,
1274 2347 1337 2389 12.

266 2416 312 2469 3)
347 2415 455 2457 Alias
485 2414 543 2470 (e.
577 2433 610 2456 c.
640 2415 684 2456 in
714 2416 808 2456 edd.
838 2415 946 2470 Μ.);
977 2415 1206 2463 „laevum.“
1234 2416 1284 2456 R.

266 2486 312 2541 ¹¹)
343 2485 456 2526 Alias
471 2487 528 2539 (e.
545 2486 634 2524 c.iu
658 2482 866 2538 edd.M.):
898 2485 1164 2540 „exemplum
1183 2490 1278 2526 est.“
1308 2484 1357 2528 R.
1389 2509 1439 2517 -—
1473 2484 1559 2526 Cfr.

152 2542 302 2583 Genes.
335 2541 407 2589 ΠΙ,
436 2543 476 2582 4.
506 2556 618 2596 seqq.

267 2612 311 2666 ⁵)
342 2613 450 2652 Edd.
482 2610 675 2651 Merlini:
705 2610 814 2651 male
843 2628 998 2652 suasus.

266 2681 312 2736 6)
342 2682 442 2721 Luc.
472 2680 610 2729 XVII,
641 2683 704 2722 10.
825 2681 868 2735 7)
898 2681 1048 2722 Matth.
1078 2681 1217 2728 XXV,
1244 2681 1311 2721 21.

267 2749 312 2804 8)
341 2750 453 2791 Edd.
482 2751 673 2791 Merlini:
707 2762 775 2791 est.
895 2750 939 2804 9)
970 2750 989 2791 Ι
1021 2749 1120 2793 Cor.
1149 2749 1242 2799 Vll,
1270 2749 1336 2792 25.

243 2817 314 2873 ¹⁰)
342 2819 452 2860 Edd.
480 2819 673 2861 Merlini:
703 2820 811 2860 Deo,
