1788 3111
529 124 968 167 COMMENTAmonUM
998 122 1087 164 Lm.
1119 122 1151 163 Ι.
1492 121 1546 165 67

135 236 346 292 Apostolo
378 236 690 293 interpretatur,
718 252 814 276 cum
836 233 956 276 dicit:
986 235 1274 290 „deponentes
1295 233 1336 289 ι)
1363 244 1547 275 veterem

135 312 354 354 hominem
373 331 469 355 cum
493 313 654 355 actibus
670 312 766 363 suis,
786 323 825 353 et
845 311 1067 353 induentes
1086 327 1245 351 novum
1261 310 1548 367 hominem,²)

136 390 209 447 qui
249 392 482 432 seeundum
523 391 665 431 Deum
706 401 868 430 creatus
909 393 1009 430 est.“
1080 386 1213 429 Audis
1252 387 1349 443 quia
1388 405 1548 429 novum

135 466 355 508 hominem
386 467 486 508 dicit
514 468 747 509 secundum
780 467 923 507 Deum
955 465 1214 519 creatum.³)
1263 466 1389 506 Hunc
1407 478 1547 506 autem

137 545 320 585 eundem
351 561 507 585 novum
541 543 779 593 hominem,
811 543 910 584 alibi
939 542 1213 594 „interiorem
1228 541 1272 596 4)
1304 541 1549 583 hominem“

137 631 281 661 vocat:
324 619 644 676 corruptibilem
676 638 775 662 vero
808 621 940 670 hunc,
981 618 1100 676 cujus
1130 618 1196 660 hie
1227 619 1452 672 imaginem
1483 637 1547 661 re-

136 697 261 752 spuit,
291 696 540 737 exteriorem
569 697 775 746 nominat,
806 714 903 738 cum
926 696 1046 737 dicit:
1077 696 1264 751 ‚,nam⁵)
1295 696 1370 738 etsi
1399 696 1445 747 is,
1478 699 1550 752 qui

136 774 239 816 foris
263 785 334 823 est,
363 774 493 814 homo
513 785 659 814 noster
677 786 988 829 corrumpatur,
1019 774 1092 814 sed
1115 773 1161 823 is,
1179 773 1225 828 6)
1257 773 1328 830 qui
1345 772 1456 816 intus
1478 788 1550 827 est,

137 856 404 904 renovatur.“
460 852 517 891 Et
555 863 601 891 ut
629 850 796 906 planius
837 851 976 891 adhuc
1015 849 1105 907 ejus
1133 852 1384 893 sententiam
1419 853 1551 895 sciant

135 928 225 979 isti,
257 927 329 983 qui
360 928 413 968 de
442 926 623 980 imagine
652 927 735 968 Dei
767 939 928 977 errant,
960 927 1134 969 audiant
1165 945 1291 984 quem
1323 929 1435 970 dicat
1466 947 1553 972 esse

138 1005 371 1061 Apostolus
411 1003 650 1055 hominem,
692 1004 765 1061 qui
806 1006 860 1045 ad
898 1004 1123 1058 imaginem
1154 992 1239 1047 Dei
1281 1018 1442 1049 creatus
1482 1020 1556 1057 est,

137 1100 235 1124 cum
265 1083 319 1123 ad
349 1081 620 1124 colossenses
651 1083 732 1123 hoc
762 1082 896 1123 modo
928 1082 1091 1123 scribit:
1121 1083 1282 1132 „nolite
1300 1084 1342 1140 ⁷)
1372 1084 1555 1135 mentiri,

138 1159 288 1215 inquit,
318 1158 547 1214 spoliantes
580 1175 653 1199 vos
673 1170 858 1200 veterem
890 1158 1108 1200 hominem
1140 1177 1237 1200 eum
1267 1160 1428 1203 actibus
1458 1161 1555 1211 suis,

139 1247 182 1277 et
212 1235 437 1277 induentes
466 1252 639 1285 novum,
671 1235 744 1291 qui
774 1248 1004 1277 renovatur
1033 1235 1138 1290 in8)
1171 1237 1384 1289 agnitione
1405 1254 1554 1279 secun-

141 1314 245 1354 dum
275 1313 501 1366 imaginem
533 1312 643 1370 ejus,
687 1313 758 1368 qui
799 1313 951 1354 creavit
990 1319 1126 1354 eum.“
1183 1315 1246 1354 Ex
1288 1313 1441 1370 quibus
1472 1315 1556 1356 evi-

142 1390 292 1430 denter
323 1390 527 1439 ostendit,
560 1391 677 1446 quod
707 1389 885 1430 interior
914 1392 1070 1439 homo,
1111 1391 1181 1446 qui
1199 1390 1243 1446 ⁹)
1273 1407 1350 1446 per
1379 1391 1557 1444 agnitio·

142 1484 240 1508 nem
271 1478 522 1517 renovatur,
565 1466 653 1522 ipse
685 1467 737 1506 ad
767 1466 992 1519 imaginem
1023 1467 1107 1508 Dei
1139 1478 1301 1508 creatus
1336 1480 1407 1509 est.
1471 1467 1559 1522 Qui

142 1556 283 1585 autem
305 1543 555 1585 exteriorem
575 1544 806 1594 hominem,
838 1544 882 1584 id
907 1556 978 1593 est,
1010 1560 1264 1599 corporeum
1287 1556 1327 1585 et
1345 1545 1556 1600 corrupti-

142 1621 286 1670 bilem,
318 1622 372 1660 ad
401 1621 627 1673 imaginem
647 1622 730 1662 Dei
761 1638 847 1663 esse
878 1621 1037 1669 dicunt,
1061 1637 1156 1660 cum
1177 1619 1239 1660 his
1270 1621 1324 1659 ab
1347 1621 1557 1676 Apostolo

142 1697 379 1746 sociantur,
422 1697 494 1752 qui
524 1710 892 1738 commutaverunt
921 1697 1099 1751 gloriam
1129 1696 1464 1752 incorruptibilis
1488 1697 1559 1752 ¹⁰)

142 1774 228 1815 Dei
256 1773 300 1814 in
331 1773 651 1816 similitudinem
682 1775 872 1827 imaginis
904 1774 1190 1830 corruptibilis
1221 1773 1417 1815 hominis.
1475 1775 1560 1815 Ve—

142 1867 237 1891 rum
269 1849 460 1906 oportuit
490 1868 543 1891 ne
575 1853 677 1893 haec
709 1853 881 1908 quidem
922 1852 964 1892 in
997 1851 1292 1907 explanatione
1323 1851 1561 1907 Apostolici

143 1927 349 1969 sermonis
390 1926 548 1977 omitti,
581 1939 627 1968 ut
659 1941 696 1968 et
728 1930 771 1970 iu
802 1931 883 1969 hoc
916 1929 1101 1984 capitulo
1137 1927 1356 1984 Apostoli,
1386 1928 1492 1969 sicut
1524 1939 1563 1967 et

264 2116 307 2170 1)
340 2115 504 2156 Coloss.
536 2116 610 2164 ΠΙ,
641 2115 678 2157 9.
707 2117 770 2157 10.
804 2117 899 2157 coll.
932 2118 1084 2171 Ephes.
1116 2117 1188 2166 IV,
1218 2118 1286 2157 24.

260 2185 306 2240 2)
339 2186 470 2225 Deest
500 2184 771 2233 ‚,hominern“
794 2185 837 2225 in
862 2187 923 2227 ed.
942 2185 1088 2226 Ruaci.
1125 2185 1211 2226 Csr.
1227 2186 1380 2240 Ephes.
1403 2185 1475 2231 IV,
1495 2185 1560 2226 24.

260 2255 306 2308 3)
337 2255 415 2295 Ed.
448 2254 602 2294 Ruaei:
635 2255 879 2303 „creatum?
913 2256 1039 2295 Hune
1071 2261 1238 2295 autem“
1271 2265 1346 2293 etc.

261 2323 306 2378 ¹²)
338 2325 463 2366 Rom.
496 2325 591 2372 VH,
620 2326 686 2366 22.
806 2325 849 2380 ⁵)
880 2326 920 2364 Π
948 2324 1045 2367 Cor.
1076 2325 1149 2374 IV,
1180 2324 1245 2366 16.

261 2393 308 2448 ’5)
340 2394 470 2434 Deest
503 2393 590 2443 ‚‚is“
621 2393 664 2434 in
697 2396 761 2435 ed.
792 2394 937 2435 Ruaei.

261 2463 307 2518 7)
340 2463 502 2506 Coloss.
535 2465 610 2513 III,
642 2465 680 2507 9.
713 2465 777 2507 10.

261 2534 308 2588 3)
341 2535 445 2575 Msc.
474 2534 575 2586 Reg.
606 2551 723 2574 num.
756 2536 877 2579 1641.
920 2535 998 2584 „in
1045 2533 1257 2586 agnitione
1296 2533 1420 2573 Dei.“
1480 2533 1565 2574 Sed

150 2590 303 2631 caeteri
334 2591 435 2631 lWIss.
468 2601 509 2630 et
538 2590 637 2630 editi
667 2591 725 2645 (e.
757 2606 790 2631 c.
822 2592 916 2631 edd.
948 2591 1034 2644 M.)
1066 2589 1268 2630 omittunt
1301 2589 1401 2628 Dei.
1431 2589 1481 2628 R.

262 2659 308 2715 9)
339 2660 445 2700 Msc.
475 2660 576 2710 Reg.
604 2676 735 2700 num.
775 2661 896 2704 1641.
940 2660 1039 2715 „qui
1082 2676 1159 2714 per
1196 2656 1452 2710 agnitionem
1484 2657 1565 2697 Dei

147 2721 413 2756 1·enovatur.“
480 2716 566 2756 Sed
619 2715 770 2756 caeteri
815 2717 912 2756 les.
967 2728 1005 2755 et
1056 2715 1156 2756 editi
1198 2723 1255 2768 (e.
1290 2730 1322 2753 c.
1357 2714 1448 2753 edd.
1482 2712 1566 2767 M.)

152 2771 354 2811 omittunt
385 2770 487 2811 Dei.
524 2772 575 2812 R.

240 2841 309 2895 10)
344 2841 475 2881 Deest
505 2841 890 2895 „incorruptibilis“
921 2840 963 2879 in
995 2841 1088 2880 edd.
1122 2839 1180 2879 M.

1194 2918 1221 2957 5
1242 2918 1262 2938 4
