1788 3111
414 150 461 179 m
489 137 565 180 ΕΡ.
596 147 655 179 An
687 135 910 177 ROMANos
942 133 1212 175 Pasti-Arm.
1489 135 1519 177 :3

97 263 139 293 et
168 252 222 293 ad
255 267 323 301 ea,
364 267 473 307 quae
509 250 554 292 in
594 260 690 290 ante
730 259 848 297 sunt,
887 264 958 288 me
996 247 1246 297 extendens,
1281 246 1517 287 secundum

95 329 367 385 propositum
408 345 585 384 sequor,
623 328 676 368 ad
715 327 903 382 palmam
933 341 1139 381 supernae
1170 323 1401 364 vocationis
1433 323 1520 365 Dei

95 407 140 447 in
174 407 341 448 Christo
374 408 532 456 Jesu;“
572 417 612 446 ct
648 415 744 460 post
775 406 857 445 hoc
891 403 1011 444 dicit:
1051 400 1384 458 „quicuuque¹)
1418 418 1516 454 ergo

94 484 271 540 perfecti
303 501 458 532 summ,
490 484 570 522 hoc
601 481 867 523 sentiamus.“
915 483 963 522 In
983 498 1067 536 quo
1087 481 1272 521 ostendit
1304 479 1520 534 duplicem

98 578 184 602 esse
215 560 541 617 perfectionem:
575 575 717 607 uuam,
752 575 859 613 quae
891 571 951 599 cst
978 558 1020 598 in
1043 557 1281 613 expletione
1301 557 1518 608 virtutum„

97 640 331 679 secundum
371 654 499 693 quam
540 636 662 686 dicit,
707 637 825 691 quod
856 653 947 676 non
978 635 1030 676 sit
1066 636 1300 691 perfectu53
1344 648 1383 677 et
1414 637 1519 677 alte-

97 715 260 768 ram,2)
292 732 388 755 cum
419 714 476 755 ita
507 713 598 769 quis
628 713 810 769 proficit,
841 726 889 754 ut
921 712 1116 753 decidere
1146 731 1237 754 non
1266 713 1410 769 possit,
1442 730 1518 754 ne-

98 809 180 848 que
210 804 444 833 retrorsum
475 791 710 846 adspicere,
743 792 978 832 secundum
1012 807 1139 846 quam
1172 790 1358 832 dicebat:
1397 792 1520 847 „qui-

96 869 326 925 cunque3)
359 886 456 922 ergo
488 869 665 924 perfecti
686 886 842 918 sumus,
874 870 956 909 hoc
976 867 1244 910 sentiamus.“
1277 868 1516 923 Quomodo

97 962 195 998 ergo
238 946 464 987 docebitur
506 946 736 1002 perfectior
779 945 864 1004 jam
903 947 1131 988 secundam
1174 948 1228 987 ad
1272 946 1519 988 Corinthios

95 1022 318 1078 scripsisse,
350 1041 477 1079 quam
508 1023 721 1080 primam?
770 1026 834 1066 Ex
864 1024 926 1065 his
958 1024 1047 1065 sine
1078 1023 1225 1074 dubio,
1260 1042 1367 1080 quae
1396 1024 1442 1065 in
1473 1041 1522 1065 ea

95 1101 250 1157 scripta
282 1103 547 1151 reseruntur,
589 1119 686 1143 cum
718 1101 838 1143 dicit:
878 1102 1228 1153 „tribulationem
1246 1101 1290 1159 4)
1320 1102 1520 1158 patimur,

95 1179 170 1218 sed
200 1196 290 1219 non
323 1179 629 1232 angustiamur:
671 1179 937 1236 aporiamur,
977 1182 1051 1221 sed
1081 1197 1172 1221 non
1204 1180 1520 1236 cxaporiamur:

96 1256 438 1310 persecutionem
458 1257 657 1313 patimur,
689 1258 763 1299 sed
782 1274 873 1299 non
894 1257 1250 1314 derelinquimur:
1284 1256 1519 1315 dejicimur,

97 1334 171 1373 sed
210 1351 300 1374 non
345 1335 555 1390 perimus:
604 1335 831 1391 semper5)
878 1347 1063 1376 mortem
1104 1337 1207 1377 Jesu
1253 1335 1298 1376 in
1337 1351 1521 1390 corpore

97 1423 246 1451 nostro
279 1411 641 1460 circumferentes,
687 1423 734 1451 ut
765 1423 805 1452 et
834 1411 917 1452 vita
948 1413 1050 1452 Jesu
1080 1412 1125 1452 in
1157 1428 1339 1467 corpore
1369 1423 1517 1451 nostro

98 1486 431 1528 manifestetur.“
473 1488 561 1541 Qui
594 1505 691 1540 ergo
725 1505 894 1544 semper
924 1499 1109 1529 mortem
1128 1489 1231 1529 Jesu
1260 1487 1305 1528 in
1338 1504 1521 1542 corpore

97 1580 176 1603 suo
208 1563 553 1614 circumferebat,
594 1582 818 1620 nunquam
857 1565 1003 1620 utique
1033 1564 1078 1604 in
1110 1581 1159 1605 eo
1193 1564 1535 1621 concupiscebatt

97 1656 197 1680 caro
230 1641 426 1681 adversus
457 1641 664 1696 spiritum,
695 1643 770 1683 sed
802 1653 890 1682 erat
921 1641 958 1682 ei
989 1640 1190 1698 subjecta,
1222 1653 1372 1696 utpote
1401 1659 1520 1682 mor-

96 1716 251 1757 tificata
289 1718 345 1758 ad
394 1718 713 1761 similitudinem
759 1719 908 1760 mortis
953 1718 1120 1760 Christi.
1196 1717 1365 1773 Quodsi
1411 1718 1522 1759 dicat

97 1793 222 1835 nobis
254 1794 416 1850 aliquis,
448 1797 550 1837 haec
580 1796 821 1838 verisimilia
852 1814 943 1839 non
973 1796 1126 1846 videri,
1159 1795 1256 1852 quia
1286 1812 1377 1836 non
1406 1796 1520 1836 mul-

97 1883 189 1913 tum
218 1872 422 1928 temporis
454 1872 564 1915 inter
592 1874 775 1930 primam
807 1874 1028 1930 epistolam
1048 1873 1176 1915 suerit
1203 1889 1249 1913 ac
1276 1875 1520 1924 secundam,

96 1960 238 2004 potest
269 1961 310 1990 et
339 1966 387 1990 ex
418 1967 469 1991 eo
503 1952 735 1994 evidentius
773 1968 972 2002 noscere,
1016 1952 1134 2006 quod
1171 1949 1216 1990 in
1253 1951 1391 2006 prima
1431 1950 1521 2006 epi-

97 2026 206 2066 stola
237 2025 418 2084 ejectum
451 2044 571 2079 eum,
606 2029 678 2085 qui
707 2032 846 2071 fuerat
874 2028 1022 2070 incesti
1052 2028 1208 2069 scelere
1236 2029 1448 2083 pollutus,
1482 2041 1522 2068 et

98 2102 301 2144 traditum
318 2104 362 2160 6)
395 2106 577 2148 Satanae
607 2106 652 2148 in
680 2107 900 2148 interitum
931 2104 1079 2154 carniS,
1109 2117 1158 2145 ut
1186 2105 1355 2160 spiritus
1385 2105 1521 2146 salvus

215 2291 259 2345 1>
289 2291 472 2348 Philipp.
505 2294 580 2343 ΙΠ,
611 2296 677 2338 15.

213 2361 260 2416 2)
290 2362 371 2404 Ed.
404 2363 465 2403 M.
497 2363 543 2411 I.‚
575 2362 717 2418 itemq.
751 2363 815 2404 ed.
843 2363 1003 2404 Ruaei:
1037 2375 1078 2404 et
1107 2363 1244 2405 aliam.

213 2430 259 2486 3)
290 2431 476 2489 Philipp.
507 2434 584 2483 ΠΙ,
614 2436 680 2477 15.

215 2501 263 2556 4)
293 2503 335 2543 Π
368 2503 467 2544 Cor.
498 2503 571 2553 IV,
602 2503 772 2545 8-10.

216 2571 261 2627 5)
294 2571 363 2612 Sic
402 2573 503 2614 les.
543 2571 748 2628 plerique.
825 2572 945 2613 Libri
985 2589 1085 2613 vero
1128 2572 1229 2613 editi
1267 2572 1325 2628 (e.
1357 2588 1390 2612 c.
1423 2573 1519 2614 edd.

98 2627 310 2684 Mei-lini),
343 2640 383 2669 et
403 2629 504 2671 Mss.
538 2628 732 2684 quidam:
763 2645 957 2685 „semper
985 2646 1101 2669 mors
1131 2631 1235 2670 Jesu
1263 2629 1309 2670 in
1340 2645 1522 2684 corpore

98 2696 248 2724 nostro
293 2685 596 2726 manifestatur.
666 2685 755 2739 Qui
786 2702 884 2739 ergo
916 2697 1101 2727 mortem
1131 2687 1235 2727 Jesu
1263 2686 1309 2726 in
1339 2702 1523 2740 corpore

100 2756 178 2780 suo
211 2739 546 2790 circumferebat,
578 2759 802 2797 nunquam
831 2744 876 2784 in
900 2749 978 2784 eo“
1011 2754 1088 2784 etc.
1134 2743 1243 2784 Msc.
1265 2760 1375 2783 unus
1395 2743 1522 2782 habet

100 2796 332 2852 utrobique
361 2798 789 2854 „mortificationem“
820 2817 921 2856 pro:
952 2799 1204 2851 „mortemf‘
1236 2800 1286 2839 R.

219 2864 265 2920 ⁶>
294 2867 315 2906 I
347 2866 446 2909 cor.
477 2868 530 2916 v,
561 2869 600 2910 5.

1105 2943 1128 2983 1
1148 2939 1168 2963 ¹}
