1788 3111
502 164 940 207 COMMENTARJORUM
971 163 1059 206 Lm.
1091 164 1141 204 Π.
1451 165 1530 208 131

112 275 258 318 feccrit
286 276 448 318 Pascha
478 276 683 327 Domino,
716 275 990 318 circumcides
1022 275 1059 316 ei
1084 292 1210 316 omne
1229 275 1530 329 masculinum3

113 365 154 394 ct
184 365 284 394 tunc
316 355 486 395 accedet
514 354 653 393 facere
681 352 803 402 illud,
835 364 874 394 et
896 352 974 394 erit
996 353 1103 394 sicut
1120 352 1327 406 indigena.
1377 353 1530 396 Omnis

111 429 426 472 incircumcisus
456 447 544 471 non
587 430 684 470 edet
721 445 769 470 ex
810 446 875 470 co.
933 430 1017 470 Lex
1056 446 1140 469 una
1180 429 1258 470 crit
1296 429 1529 483 indigenae,

112 518 153 547 et
183 508 381 556 advenae,
414 507 485 562 qui
516 505 730 547 advenerit
762 507 815 547 ad
846 513 960 548 vos.“
1022 506 1144 561 Quae
1177 507 1364 562 quamvis
1383 520 1526 560 arguta

111 584 303 625 videatur
344 583 552 640 objectio,
602 594 744 623 tamen
785 583 1034 624 admiranda
1079 582 1328 636 legislatoris
1368 584 1529 640 ubique

112 661 275 701 cautela
305 659 521 701 succurrit.
570 659 803 701 Considera
829 660 954 710 enim,
988 661 1106 716 quod
1128 671 1168 701 ct
1197 660 1263 701 hic
1294 677 1384 701 non
1415 661 1530 713 dixit,

113 737 209 792 quia
240 738 421 786 advena,
463 736 535 792 qui
565 737 724 778 venerit
755 739 807 777 ad
839 754 935 786 vos,
976 736 1100 778 saciat
1128 736 1289 778 Pascha
1320 737 1529 789 Domino,

109 825 150 854 et
170 813 505 864 circumcidatur,
522 816 594 855 scd
616 813 979 855 observantissima
1001 813 1297 855 moderatione
1326 815 1528 867 decernit,

110 889 274 931 dicens:
315 890 383 940 „si
405 890 445 943 ¹)
476 891 694 932 accesserit
725 892 779 931 ad
809 908 904 941 vos,
936 903 976 932 et
1007 891 1152 932 fecerit
1180 892 1382 934 Pascha.“
1440 893 1530 933 Nec

111 967 295 1007 dubitari
327 967 437 1008 enim
472 968 524 1008 dc
556 969 637 1008 hoc
667 979 826 1023 potest,
870 970 1006 1024 quod,
1038 968 1070 1009 si
1103 968 1194 1024 quis
1227 986 1323 1009 cum
1356 969 1530 1011 Judaeis

107 1043 336 1085 ,Iudaicum
365 1044 524 1085 Pascha
555 1031 714 1094 fecerit,
747 1057 787 1085 et
817 1044 1060 1086 circumcidi
1085 1047 1257 1086 debeat:
1287 1063 1421 1087 unum
1446 1047 1529 1088 hoc

107 1121 298 1171 interim,
348 1138 435 1177 quo
485 1121 828 1177 retundantur2)
876 1121 1234 1172 contradicentes,
1282 1123 1529 1176 legislatoris

108 1199 269 1239 cautela
300 1197 526 1254 prospexit.
565 1199 641 1239 Est
673 1210 711 1239 et
742 1199 850 1239 illud
879 1211 1110 1254 praetcrea,
1143 1201 1196 1240 ad
1229 1201 1347 1255 quod
1373 1200 1530 1242 mutire

109 1292 197 1315 nou
227 1286 442 1330 poterunt.
487 1275 716 1330 Pascha‚³)
752 1277 869 1330 quod
899 1277 965 1316 lex
996 1276 1089 1316 fieri
1118 1276 1335 1332 praecipit,
1365 1277 1410 1317 in
1429 1278 1527 1318 loco

108 1350 183 1391 illo
215 1350 306 1391 ficri
336 1350 475 1408 jubet,
509 1368 635 1406 quem
665 1352 787 1405 clegit
807 1352 1023 1393 Dominus
1044 1353 1175 1402 Deus,
1206 1353 1250 1393 id
1270 1365 1340 1403 est,
1373 1354 1528 1395 Hiero-

109 1427 293 1485 solymis.
352 1428 403 1467 ln
440 1427 515 1467 illo
558 1429 712 1469 etenim
743 1429 903 1484 templo
945 1440 1110 1469 tantum
1150 1429 1298 1471 osserri
1326 1431 1530 1472 sacrificia

111 1505 409 1545 decernuntur.
481 1505 751 1560 Recuperent
791 1521 889 1557 crgo
928 1505 1044 1560 prius
1083 1517 1236 1547 statum
1277 1507 1447 1562 templi,
1490 1520 1530 1549 ct

108 1593 209 1621 tunc
242 1582 295 1621 de
333 1580 652 1622 circumcisione
691 1582 970 1622 contendant:
1011 1582 1043 1623 si
1073 1599 1174 1623 vcro
1205 1583 1264 1622 ibi
1295 1585 1530 1624 secundum

107 1657 357 1698 sententIam
387 1657 679 1711 Salvam-13⁴²)
709 1675 799 1698 non
819 1657 1019 1701 remansit
1038 1659 1142 1713 lapis
1173 1675 1300 1714 super
1330 1659 1542 1714 lapidem,

109 1734 181 1790 qui
210 1751 302 1775 non
331 1733 384 1775 sit
415 1735 672 1783 destructus,
712 1734 987 1789 superflua&
1028 1747 1087 1776 est
1127 1736 1179 1775 de
1210 1735 1530 1778 circumcisione

109 1810 303 1852 causatio.
352 1811 402 1850 ln
432 1821 597 1850 tantum
619 1822 759 1851 autem
790 1811 1052 1852 circumcisio
1083 1812 1356 1853 vernaculum
1386 1811 1529 1868 ipsius,

108 1900 149 1929 et
177 1886 336 1930 nullius
368 1886 538 1928 alterius
576 1887 726 1940 gentis,
765 1887 926 1941 insigne
968 1900 1047 1938 est,
1086 1901 1135 1930 ut
1173 1905 1385 1944 nusquam
1423 1889 1529 1932 alius

109 1964 200 2020 quis
230 1964 274 2005 in
304 1963 488 2005 historiis
518 1976 706 2004 veterum
736 1981 816 2019 pro
848 1967 925 2007 hac
956 1967 1165 2007 referatur
1185 1977 1418 2021 correptus,
1448 1966 1529 2006 nisi

109 2041 218 2081 filius
235 2041 280 2096 ⁶)
314 2040 471 2091 Flosis,
504 2039 623 2097 cujus
664 2053 799 2081 mater
829 2043 1020 2097 Sephora
1052 2041 1134 2082 vim
1175 2042 1312 2094 angeli
1350 2042 1529 2083 commi-

108 2116 245 2157 nantis
277 2116 448 2157 exitium
478 2116 555 2156 filii
585 2117 904 2158 circumcisione
925 2118 1195 2173 compescuit.
1244 2119 1307 2159 Ex
1334 2119 1397 2160 his
1429 2136 1528 2172 ergo

111 2193 308 2233 omnibus
340 2192 577 2233 ostenditur
606 2194 735 2234 Israel
766 2193 861 2243 ille,
909 2194 980 2250 qui
999 2194 1043 2249 ⁷)
1081 2195 1317 2235 seeundum
1359 2211 1528 2236 carnem

227 2311 271 2366 ¹)
301 2311 439 2352 Exod.
469 2311 567 2361 XII,
598 2312 665 2354 48.
785 2311 830 2366 ²)
860 2312 939 2352 Ed.
970 2311 1031 2353 ἸΜ.
1062 2313 1102 2352 Ι;
1135 2314 1434 2355 recondantur.

226 2381 272 2436 3)
302 2380 419 2421 Editi
457 2381 516 2436 (e.
549 2398 581 2421 c.
612 2382 706 2421 edd.
736 2380 846 2436 MA)
895 2381 1112 2430 ‚,Pascha,
1161 2383 1279 2437 quod
1326 2383 1391 2423 lex
1439 2383 1531 2424 fieri

111 2437 325 2492 praecipit,
356 2436 401 2476 in
431 2437 506 2477 illo
538 2438 650 2486 loco,
683 2454 808 2492 quem
843 2436 965 2489 elegit
985 2437 1199 2478 Dominus
1219 2439 1351 2489 Deus,
1383 2438 1427 2479 id
1458 2451 1530 2489 est,

114 2492 417 2551 Hierosolymis
449 2494 753 2534 celebrandum
784 2499 884 2535 est.“
921 2494 972 2533 R.

227 2563 272 2616 4)
301 2564 453 2604 Matth.
485 2563 646 2613 XXIV,
676 2565 716 2605 2.

230 2630 274 2686 ⁵)
307 2633 632 2673 Genebrardus:
664 2634 942 2689 „superss1w.“
973 2634 1102 2675 Male.
1134 2635 1185 2675 R.

230 2698 277 2754 ὃ)
307 2702 444 2743 Exod.
474 2702 548 2753 IV,
571 2702 640 2744 24.
669 2704 737 2745 25.

232 2767 276 2822 τ>
307 2770 368 2811 Ita
397 2772 501 2813 Mss.
530 2771 678 2813 nostri.
737 2772 852 2813 Editi
884 2790 1007 2814 vero:
1051 2773 1319 2822 „secundum
1350 2786 1530 2819 carnem,

116 2823 265 2919 solusi‘
298 2837 373 2866 etc.
403 2828 453 2869 R.
485 2852 534 2859 --
569 2829 679 2870 Edd.
709 2828 907 2870 Merlini:
948 2829 1055 2885 „qui
1086 2829 1319 2870 seeundum
1350 2843 1531 2875 carnem,

116 2890 163 2918 ut
193 2896 238 2920 so
259 2887 334 2921 us“
365 2893 440 2923 etc.

1117 2952 1182 2994 9*
