1788 3111
218 127 305 172 23ss
560 123 785 169 Omenms
814 138 865 168 m
890 123 969 167 ΕΡ.
999 124 1317 168 ΑυΉοΜΑΝοε

216 240 280 283 illi
314 240 367 282 ad
398 237 640 298 justitiam.“
697 239 782 281 Hic
819 255 960 283 sermo
1009 254 1056 280 ex
1085 239 1199 280 libro
1243 236 1417 281 Genesis
1455 240 1648 293 sumitur,

218 334 267 359 ex
299 334 348 358 eo
381 319 505 368 loeo,
542 316 680 373 ubi¹)
719 334 812 358 non
853 316 1097 367 Abraham,
1134 316 1209 357 sed
1249 316 1412 358 Abram
1451 318 1553 360 dicit
1592 320 1647 361 ad

219 395 485 436 Dominum:
517 394 747 451 „quoniam
767 394 812 451 2)
843 411 934 435 non
959 394 1109 437 dedisti
1135 393 1240 434 mihi
1269 410 1426 444 semen,
1456 394 1526 437 hic
1553 413 1647 438 ver-

215 473 396 514 naculus
441 488 560 514 meus
605 471 887 513 haereditabit
932 487 1014 512 me.
1081 470 1136 511 Et
1184 471 1285 511 dixit
1331 470 1548 514 Dominus
1591 474 1647 516 ad

217 565 339 589 eum:
368 566 460 590 non
491 549 569 590 erit
598 549 745 591 haeres
778 560 873 590 tuus
903 549 1001 590 iste:
1031 546 1103 590 sed
1137 547 1210 604 qui
1239 547 1381 590 exierit
1411 550 1465 590 de
1493 561 1547 599 te,
1575 550 1646 592 hie

219 626 297 667 erit
326 626 472 667 haeres
512 637 618 668 tuus.
676 625 731 666 Et
771 625 934 673 eduxit,
964 625 1124 682 inquit,
1154 624 1314 681 eum3)
1346 625 1484 675 foras,
1515 637 1554 667 et
1585 627 1648 669 di-

204 702 274 745 *xit
303 705 358 744 ad
390 720 514 744 eum:
548 703 708 759 respice
741 704 794 745 ad
826 704 1018 752 coelum,
1049 713 1087 743 et
1115 719 1295 743 numera
1324 704 1474 754 stellas,
1502 704 1536 745 si
1566 721 1648 760 po-

215 780 344 821 tueris
362 780 409 836 4)
442 781 720 822 dinumerare
751 797 830 822 eas.
887 779 944 822 Et
982 779 1038 821 ait
1070 780 1124 821 ad
1156 796 1277 820 eum:
1308 779 1365 821 sic
1399 780 1475 821 erit
1503 798 1647 823 semen

213 868 350 898 tuum.
394 857 449 897 Et
483 858 660 899 credidit
682 858 792 908 Deo,
824 869 864 899 et
892 868 1136 913 reputatum
1168 869 1226 899 est
1257 857 1294 898 ei
1325 859 1378 898 ad
1406 856 1648 913 justitiam.⁴‘

213 935 357 976 Latius
387 936 483 976 loca
511 935 602 991 ipsa
635 936 818 991 exempli
847 934 1037 991 gratia⁵)
1077 936 1129 976 de
1169 935 1282 976 libro
1319 933 1492 977 Genesis
1522 952 1648 992 repe-

212 1011 393 1063 tivimus,
424 1024 484 1063 ut,
516 1029 625 1068 quae
653 1011 960 1069 justificationis
998 1011 1123 1070 hujus
1164 1029 1289 1054 causa
1319 1012 1467 1062 fuerit,
1495 1030 1648 1055 nosce-

213 1107 367 1132 remus.
426 1090 556 1131 Unde
595 1101 634 1130 et
674 1090 810 1132 acrius
849 1091 1162 1131 intendendum
1204 1102 1285 1140 est,
1333 1090 1429 1145 sifi)
1472 1092 1530 1132 ob
1561 1091 1646 1131 hoe

213 1169 369 1218 solum,
400 1169 518 1223 quod
553 1169 744 1208 dandum
773 1167 854 1209 sibi
896 1166 1075 1208 credidit
1103 1166 1262 1217 filium,
1301 1178 1341 1207 et
1382 1183 1430 1208 ex
1460 1183 1510 1208 eo
1542 1184 1648 1223 pro-

213 1245 377 1298 geniem
412 1247 466 1286 ad
496 1244 814 1285 multitudinem
836 1245 1023 1286 siderum
1045 1245 1385 1299 propagandam,
1416 1243 1645 1299 dicitur‚⁷)

214 1323 313 1378 quia
345 1334 538 1379 reputata
577 1333 636 1362 est
672 1322 777 1363 fides
818 1319 905 1378 ejus
938 1323 992 1363 ad
1023 1318 1246 1378 justitiam,
1285 1337 1338 1362 an
1378 1337 1458 1376 pro
1490 1321 1576 1362 hoe
1608 1333 1648 1363 et

211 1415 293 1456 pro
335 1398 561 1449 omnibus,
610 1415 720 1455 quae
767 1398 855 1454 jam
895 1410 992 1439 ante
1029 1399 1278 1441 crediderat.
1346 1399 1495 1454 Neque
1533 1398 1647 1439 enim

209 1478 468 1534 putandum,
494 1479 613 1532 quod
629 1478 787 1531 absque
808 1477 892 1517 fide
913 1476 1041 1517 fuerit
1060 1476 1179 1526 illud,
1194 1475 1240 1533 8)
1258 1488 1305 1517 ut
1323 1475 1453 1518 exiret
1468 1477 1521 1516 de
1538 1488 1647 1517 terra

211 1572 300 1604 sua,
331 1567 370 1595 et
391 1556 443 1595 de
475 1554 728 1606 cognatione
749 1553 877 1609 patris
897 1554 977 1603 sui,
1004 1565 1042 1594 et
1071 1555 1232 1595 veniret
1249 1554 1294 1596 in
1316 1566 1486 1602 terram,
1516 1570 1644 1609 quam

214 1632 253 1673 ci
294 1633 657 1673 demonstraverat
696 1631 835 1672 Deus:
892 1632 957 1672 vel
987 1631 1114 1680 illud,
1161 1649 1281 1681 cum,
1322 1643 1517 1687 separato
1551 1649 1573 1672 a
1603 1647 1648 1672 se

213 1708 318 1758 Lot,
359 1708 462 1749 dicit
503 1711 558 1749 ad
598 1725 695 1749 eum
736 1708 975 1749 Dominus:
1018 1706 1274 1764 „adspice9)
1310 1707 1444 1749 oculis
1482 1708 1578 1757 tuis,
1609 1720 1648 1749 et

212 1786 308 1827 vide
340 1802 386 1826 ex
417 1786 501 1826 hoc
532 1785 655 1836 loco,
696 1785 739 1826 in
772 1802 857 1840 quo
890 1797 993 1835 stas,
1026 1797 1067 1826 et
1095 1786 1262 1826 intuere
1291 1787 1344 1826 ad
1377 1785 1645 1841 Septentrio-

212 1880 326 1913 nem,
360 1875 399 1904 et
426 1862 731 1912 Bhfidianum,
763 1873 802 1903 et
833 1863 887 1903 ad
922 1861 1215 1913 Occidentem,
1247 1875 1373 1918 atque
1403 1863 1457 1903 ad
1489 1861 1647 1903 Orien-

212 1952 323 1990 tem,
364 1941 461 1997 quia
502 1956 677 1981 omnem
716 1951 872 1980 terram
917 1939 1049 1988 lianc,
1082 1955 1211 1994 quam
1242 1939 1376 1988 vides,
1421 1938 1498 1980 tibi
1529 1928 1659 1980 dabo·

215 2036 321 2069 eam,
353 2031 394 2059 et
421 2017 571 2061 semini
610 2029 684 2059 tuo
723 2016 769 2058 in
810 2021 1071 2058 aeternuxn.“
1139 2017 1225 2059 Sed
1256 2027 1295 2057 et
1323 2016 1431 2057 illud
1462 2015 1554 2072 quis
1581 2015 1645 2057 di-

333 2193 378 2247 1)
408 2191 523 2234 Editi
549 2192 608 2246 (v.
641 2208 673 2234 c.
699 2192 794 2233 edd.
821 2190 926 2247 Μ.);
958 2191 1060 2241 „uhi
1083 2209 1174 2233 non
1206 2192 1381 2243 Abram,
1410 2192 1485 2235 sed
1509 2191 1644 2232 Abra—

213 2251 352 2293 ham.“
389 2250 440 2291 R.
471 2272 523 2279 —-
554 2249 684 2298 Male,
717 2251 789 2290 csr.
824 2248 932 2290 Gen.
961 2249 1101 2300 XVII,
1129 2250 1168 2291 5.

330 2321 376 2374 ²)
412 2319 562 2360 Genes.
594 2319 689 2369 XV,
719 2320 861 2363 3-6.

329 2390 376 2445 ³)
407 2389 538 2431 Deest
566 2389 611 2429 in
643 2389 761 2430 editis
793 2389 850 2444 (e.
882 2405 916 2429 c.
947 2388 991 2430 in
1024 2390 1119 2431 edd.
1149 2379 1235 2443 Μ.)
1266 2392 1427 2440 ‚,eum.“
1459 2388 1507 2428 R.

331 2461 378 2516 ἰ)
407 2461 488 2502 Ed.
525 2459 586 2502 Μ.
618 2460 679 2501 ΙΙ;
712 2461 881 2514 poteris.

332 2531 377 2586 5)
410 2531 458 2571 In
505 2541 626 2571 antea
660 2529 778 2571 editis
818 2531 877 2585 (e.
911 2545 943 2569 c.
975 2528 1018 2568 in
1038 2530 1132 2570 cdd.
1151 2529 1236 2586 M.)
1268 2528 1495 2572 omittitur:
1526 2543 1643 2580 „gra--

216 2590 310 2631 tia.“
372 2589 437 2629 Al.
468 2591 660 2637 „causa.“
694 2585 740 2625 R.

330 2658 377 2714 ὅ)
405 2657 517 2699 Edd.
551 2656 747 2697 Men-lini:
779 2673 831 2697 an
865 2657 921 2698 ob
954 2656 1036 2698 hoc
1069 2667 1143 2698 cic.

331 2729 378 2781 ⁷)
410 2729 534 2769 Rom.
565 2728 636 2775 IV,
667 2729 705 2770 5.

332 2802 377 2854 ¹3)
412 2800 564 2842 Genes.
596 2799 692 2849 ΧΠ,
724 2799 760 2840 1.

335 2873 383 2928 9)
415 2872 567 2916 Geues.
598 2871 716 2922 Xlll,
749 2871 813 2916 14.
846 2871 910 2916 15.
