1788 3111
539 119 985 163 COMMENTARJORUM
1015 119 1108 160 LIB.
1139 121 1188 161 V.
1487 121 1574 164 349

148 236 311 289 „multo
343 235 472 286 magis
502 233 633 287 gratia
661 233 746 275 Dei
776 244 816 273 et
846 234 1010 274 donum
1043 233 1087 274 in
1119 233 1247 285 gratia
1280 232 1403 275 unius
1432 233 1573 275 homi-

148 315 212 356 nis
242 314 345 355 Jesu
377 311 533 353 Christi
562 311 606 352 in
636 311 779 366 plures
818 309 1155 363 abundavit:“¹)
1193 311 1237 351 id
1254 310 1299 366 2)
1338 322 1419 360 est,
1455 311 1489 352 si
1527 311 1571 352 in

147 407 237 432 uno
270 401 476 445 peccante
504 390 649 429 locum
677 403 794 428 mors
823 386 1040 429 inveniens
1069 387 1113 428 in
1151 388 1293 443 plures
1323 388 1464 444 potuit
1492 389 1574 429 dif-

150 466 288 516 fundi,
320 467 456 507 multo
486 465 618 516 magis
650 462 779 515 gratia
809 463 905 512 Dei,
936 462 1103 518 quae3)
1133 463 1178 504 in
1212 463 1380 506 Christo
1423 464 1573 521 copio—

149 545 232 585 sius
265 555 304 584 et
332 542 454 584 latius
486 541 738 590 abundavit,
775 557 903 596 quam
935 557 1051 582 mors
1080 540 1126 581 in
1155 542 1321 590 Adam,
1351 541 1395 582 in
1429 543 1573 596 plures

151 620 426 661 diffunditur:
457 630 496 660 et
522 618 568 659 in
596 629 759 659 tantum
791 634 882 658 non
913 629 971 659 est
1001 619 1150 659 eadem
1191 617 1384 659 conditio
1418 619 1574 670 delicti,

151 713 261 752 quae
300 708 340 738 et
378 695 504 744 doni,
540 706 606 745 ut,
645 711 742 735 cum
786 692 992 751 judicium
1031 694 1225 736 habitum
1258 694 1307 735 sit
1338 695 1390 735 de
1419 695 1574 746 Adam,

153 790 201 814 ex
220 772 266 829 4)
297 790 384 815 uno
416 772 509 827 ipso
541 772 814 827 delinquente
846 772 1148 813 condemnatio
1180 772 1224 813 in
1255 787 1402 813 omnes
1432 772 1573 814 homi-

151 867 224 891 nes
255 849 425 898 venerit,
455 864 477 889 e
508 849 722 889 contrario
754 864 853 889 vero
884 864 962 903 per
992 847 1208 890 Christum
1251 865 1298 890 ex
1327 848 1469 890 multis
1500 851 1575 890 de·-

151 927 273 975 lictis‚
305 925 458 981 quibus
491 941 619 966 omne
649 942 776 978 genus
807 924 1032 966 hominum
1061 926 1307 974 tenebatur,
1333 926 1572 983 justificatio

151 1005 247 1044 data
276 1002 328 1044 sit
355 1003 400 1043 in
433 1017 606 1043 omnes:
651 1013 717 1051 ut,
758 1002 866 1043 sicut
903 1019 1019 1043 mors
1049 1018 1128 1057 per
1157 1019 1291 1043 unum
1330 1015 1575 1053 regnaverat

150 1080 195 1121 in
227 1079 400 1130 delictis,
430 1079 486 1120 ita
519 1090 559 1120 et
586 1096 666 1135 per
692 1079 816 1122 unius
848 1079 1137 1121 obedientiam
1169 1080 1249 1122 vita
1280 1091 1474 1130 regnaret
1498 1097 1576 1135 per

151 1156 365 1214 justitiam.
427 1155 557 1207 Igitur
585 1173 676 1197 non
705 1156 794 1197 sine
823 1158 1042 1212 profunda
1073 1168 1160 1198 arte
1190 1156 1362 1199 dicendi
1385 1158 1575 1213 Aposto-

152 1235 216 1275 lus
248 1235 432 1274 formam
466 1232 622 1273 Christi
654 1249 738 1274 esse
770 1234 909 1274 Adam
940 1232 1096 1288 posuit,
1126 1250 1234 1289 quae
1258 1234 1309 1276 sit
1338 1251 1415 1290 per
1446 1250 1575 1286 genus

152 1308 311 1358 similis,
340 1325 418 1365 per
446 1309 629 1365 speciem
665 1309 887 1351 contraria.
946 1310 1029 1351 Per
1059 1325 1188 1362 genus
1218 1328 1404 1368 namque
1432 1312 1576 1354 similis

154 1397 212 1426 est
240 1387 380 1426 forma
411 1385 456 1425 in
487 1402 553 1436 eo,
581 1389 712 1442 quod,
741 1387 848 1428 sicut
877 1388 929 1427 ab
960 1404 1048 1428 uno
1079 1389 1220 1428 Adam
1249 1389 1294 1431 in
1323 1390 1466 1444 plures
1496 1390 1576 1430 llo-

152 1461 287 1502 mines
319 1461 588 1512 diffunditur,
618 1463 674 1505 ita
705 1476 744 1505 et
774 1466 826 1505 ab
859 1480 948 1504 uno
983 1463 1152 1506 Christo
1184 1465 1229 1505 in
1259 1466 1401 1521 plures
1433 1467 1575 1507 homi-

152 1555 226 1580 nes
258 1539 536 1580 diffundatur.
556 1539 599 1595 5)
658 1539 742 1582 Per
770 1540 955 1597 speciem
986 1556 1087 1581 vero
1121 1543 1347 1591 contraria,
1379 1545 1497 1598 quod
1528 1559 1575 1583 ex

154 1617 293 1656 Adam
340 1616 703 1670 praevaricatione
755 1629 906 1673 coepta
968 1617 1306 1673 ‚‚peccat0res⁶)
1360 1618 1575 1659 constituti

153 1703 250 1733 sunt
301 1692 467 1741 multi‚“
500 1693 657 1735 Christi
685 1711 785 1736 vero
825 1695 1096 1745 „obedientia
1125 1693 1222 1751 justi
1266 1695 1578 1736 constituentur

154 1768 315 1809 multi.“
375 1768 487 1822 Quia
520 1786 643 1822 ergo,
674 1783 880 1827 quatenus
909 1773 1048 1813 forma
1082 1771 1238 1812 Christi
1267 1771 1394 1812 fuerit
1422 1773 1578 1821 Adam,

153 1846 238 1886 sive
267 1846 311 1887 in
347 1845 574 1895 similibus,
616 1846 703 1888 sive
732 1848 776 1889 in
808 1849 1052 1899 contrariis,
1089 1850 1327 1890 secundum
1366 1849 1577 1889 rationem

156 1922 314 1977 eloquii
344 1922 474 1977 ipsius
506 1925 775 1978 explanatum
808 1938 888 1975 est,
927 1943 1042 1967 nunc
1089 1926 1238 1974 etiam,
1277 1924 1437 1980 quid7)
1468 1924 1577 1965 inte-

156 1997 282 2038 rioris
312 2014 454 2040 sensus
484 2000 680 2055 Apostoli
709 2002 869 2044 indicet
897 2003 940 2043 in
975 2002 1062 2052 his,
1104 2002 1166 2042 vel
1197 2001 1338 2056 potius
1371 2012 1578 2052 contegat,

276 2162 318 2211 ’ὅ
350 2163 463 2204 Εᾱῑιῑ
504 2166 558 2221 (e.
601 2184 632 2206 c.
675 2169 768 2208 edd.
816 2168 923 2223 My:
965 2168 1266 2218 „abundabitf‘
1332 2166 1382 2207 R.
1426 2191 1475 2196 -
1508 2168 1577 2208 De

159 2220 252 2259 edd.
284 2219 342 2260 M.
376 2222 427 2260 cf.
457 2238 550 2275 pag.
580 2223 674 2264 348.
706 2236 795 2264 not.
827 2227 865 2267 6.

271 2289 317 2343 2)
348 2290 464 2332 Editi
493 2292 552 2347 (v.
586 2309 618 2332 c.
654 2294 748 2334 cdd.
780 2293 887 2348 Μ.);
938 2294 1008 2344 „id
1050 2306 1129 2344 est,
1171 2295 1205 2336 si
1243 2311 1330 2335 uno
1373 2307 1577 2349 peccante

156 2346 329 2386 locum“
361 2359 435 2387 etc.
468 2348 520 2388 R.

272 2414 318 2471 ³)
348 2415 462 2457 Editi
495 2418 554 2472 (e.
586 2435 616 2458 c.
651 2419 745 2458 cdd.
779 2418 884 2473 M.):
928 2437 1062 2474 „quac
1100 2421 1142 2460 in
1178 2420 1345 2461 Clu-isto
1380 2433 1460 2469 cst,
1504 2439 1578 2462 (to-

158 2470 316 2524 piosius
348 2483 386 2511 et
416 2474 537 2514 latius
571 2475 827 2524 abundabit,
865 2493 990 2531 quam
1035 2494 1152 2518 mors
1182 2479 1320 2518 Adam
1362 2478 1403 2517 in
1434 2480 1576 2532 plures

160 2526 462 2570 diffundatur.“
491 2529 539 2568 R.

275 2594 319 2649 4)
351 2598 485 2640 Alias:
526 2612 591 2648 „et
632 2617 677 2641 ex
718 2619 805 2643 uno
848 2602 981 2657 ipso.“
1022 2602 1068 2641 R.
1110 2627 1159 2632 —
1202 2601 1279 2642 Ed.
1318 2601 1377 2641 M.
1408 2601 1467 2641 ll:
1512 2615 1576 2651 „et

160 2667 247 2691 uno
281 2652 415 2706 ipso.“

278 2724 322 2777 5)
352 2725 429 2765 Ed.
464 2727 520 2767 M,
552 2726 611 2766 ll:
644 2728 910 2768 diffunditur,
1028 2730 1074 2783 ὁ)
1105 2729 1228 2768 Rom,
1263 2729 1312 2777 V,
1343 2728 1406 2769 19,

279 2790 323 2847 7)
354 2793 467 2834 Editi
502 2801 561 2850 (V.
595 2814 625 2835 c.
658 2798 753 2836 edd.
786 2796 881 2851 Μ),
914 2813 947 2836 et
982 2798 1079 2838 Mss2
1113 2797 1306 2852 quidam:
1339 2814 1468 2851 „quae
1502 2800 1574 2849 &³3-

163 2851 253 2902 qui,
286 2851 336 2890 al.
355 2850 489 2906 quid)
512 2853 688 2893 interior
703 2869 845 2894 sensus
864 2855 1060 2909 Apostoli
1075 2855 1232 2896 indicet
1250 2854 1291 2893 in
1315 2855 1413 2903 his,“
1432 2865 1505 2894 etc.
1527 2853 1573 2892 Ρι-
