1788 3111
261 140 346 183 274
600 136 826 180 Omessms
856 150 903 180 m
931 137 1010 181 Et».
1040 150 1100 180 an
1131 138 1357 182 Romanos

262 248 348 307 iam
370 251 414 307 ¹)
431 261 689 302 emortuum,
705 268 801 293 cum
819 253 907 293 fere
924 262 1092 293 centum
1116 267 1330 293 annorum
1348 262 1462 302 esset,
1491 263 1531 294 et
1549 267 1691 294 emor-

264 341 383 371 tuam
420 329 586 370 vulvam
634 327 787 370 Sarae:
840 327 886 368 in
930 327 1264 384 repromissione
1305 328 1430 370 etiam
1473 329 1557 371 Dei
1598 346 1691 371 non

263 405 480 449 haesitavit
507 404 757 454 diffidentia,
784 405 861 447 sed
890 407 1154 447 confortatus
1185 418 1243 447 est
1270 405 1396 447 fide.“
1467 405 1689 461 Quantum

263 483 438 541 quidem
469 485 523 525 ad
558 484 794 539 simplicem
809 481 995 538 pertinet
1019 481 1295 532 intellectum,
1324 482 1560 524 evidentem
1585 499 1691 538 pro-

265 561 361 603 tulit
389 561 623 611 rationem,
653 561 772 615 quod
808 560 1051 610 Abraham,
1091 577 1188 601 cum
1221 560 1386 602 audiret
1413 559 1494 601 sibi
1536 576 1559 601 a
1589 558 1688 599 Deo

264 639 463 681 sobolem
489 637 749 693 repromitti,
787 653 879 678 non
909 636 1091 692 respexit
1132 639 1187 678 ad
1218 649 1432 679 emortuas
1459 633 1692 677 centenarii

264 715 459 772 corporis
488 715 606 765 vires,
637 716 691 756 de
721 730 808 770 quo
849 714 997 770 utique
1021 730 1296 770 nequaquam
1333 713 1494 770 sperari
1523 721 1694 769 poterat

263 794 352 834 ulla
382 791 614 842 successio,
649 793 723 833 sed
752 791 987 846 potentiam
1026 791 1312 848 promittentis
1340 791 1539 840 intuitus,
1583 788 1691 831 nihil

265 868 441 912 difficile
486 885 572 910 esse
611 869 792 910 credidit
828 868 873 910 in
905 868 980 918 his,
1010 885 1119 926 quae
1155 869 1433 926 promittebat
1472 866 1692 922 Omnipo-

262 960 376 989 tens:
406 947 505 997 „sed
520 945 567 1002 ²)
608 946 746 996 dedit,
774 945 933 1001 inquit,
971 947 1148 998 gloriam
1189 946 1327 997 De0,“
1355 944 1592 996 intelligens
1621 959 1693 984 so-

263 1024 345 1066 lius
374 1023 459 1065 Dei
490 1039 575 1065 esse
604 1040 773 1074 munus,
802 1023 878 1064 ubi
908 1024 1123 1066 humanae
1150 1023 1449 1067 foecunditatis
1478 1020 1573 1079 jura
1605 1036 1691 1061 ces-

261 1113 464 1144 saverant.
520 1100 680 1141 Merito
718 1100 844 1152 igitur
885 1101 1002 1142 dedit
1039 1102 1217 1152 gloriam
1248 1101 1368 1150 Deo,
1406 1101 1478 1156 qui
1515 1109 1694 1141 naturae

263 1181 400 1221 fuerat
430 1179 616 1219 desertus
646 1176 820 1218 auxiliis.
878 1177 996 1218 Haec
1014 1209 1025 1228 ,
1053 1190 1101 1218 ut
1130 1177 1240 1228 dixi,
1269 1189 1477 1234 quantum
1509 1177 1563 1218 ad
1591 1176 1692 1217 sim-

261 1256 418 1312 plicem
450 1253 771 1305 intelligentiam
809 1254 1019 1309 pertinet,
1049 1255 1309 1296 sufficienter
1339 1255 1449 1295 dicta
1482 1253 1692 1297 videbun-

262 1345 343 1374 tur.
404 1331 451 1373 Si
481 1347 581 1371 vero
613 1329 704 1386 quis
737 1328 910 1387 objiciat
932 1331 1082 1374 nobis:
1116 1333 1342 1387 quomodo
1373 1331 1532 1389 poterit
1555 1332 1691 1372 Abra·

263 1409 362 1451 ham
392 1408 435 1449 in
468 1407 716 1449 centenario
748 1425 963 1449 annorum
993 1426 1176 1451 numero
1199 1410 1362 1466 positus
1385 1407 1568 1450 emortui
1595 1423 1691 1447 cor-

261 1486 379 1542 poris
411 1485 508 1534 dici,
539 1484 626 1541 qui,
655 1496 933 1541 posteaquam
963 1487 1210 1544 suscepisset
1240 1487 1376 1537 Isaac,
1420 1497 1460 1527 et
1490 1486 1690 1527 defuncta

261 1576 364 1606 esset
394 1563 523 1613 Sara,
564 1579 672 1618 quae
703 1579 800 1604 eum
831 1564 1120 1616 nonagenaria
1152 1575 1431 1621 conceperat,
1469 1575 1508 1605 et
1535 1563 1693 1605 vixerat

261 1641 381 1682 annis
411 1652 581 1682 centum
612 1639 757 1692 viginti
779 1652 963 1696 septem;
990 1653 1137 1697 postea
1158 1642 1283 1683 etiam
1314 1658 1444 1697 quam
1475 1654 1689 1681 annorum

261 1716 539 1773 quadraginta
580 1718 714 1759 factus
756 1717 873 1760 Isaac
915 1719 1077 1775 accepit
1114 1719 1381 1768 Rebeccam,
1417 1729 1514 1773 post
1550 1715 1688 1770 ista3)

262 1793 407 1835 omnia
436 1792 656 1835 scribitur:
696 1794 823 1849 „et4)
865 1812 1088 1851 apponens
1128 1797 1349 1837 Abraham
1389 1795 1551 1850 accepit
1583 1810 1689 1833 uxo-

262 1887 364 1921 rem,
395 1871 463 1912 cui
491 1887 654 1912 nomen
688 1871 858 1921 Cetura‚
889 1883 928 1913 et
950 1873 1115 1928 peperit
1140 1873 1176 1914 ei
1204 1871 1482 1928 Zamram,⁵)
1517 1883 1558 1912 et
1588 1871 1689 1911 Jec-

259 1965 348 1999 san,
378 1961 417 1990 et
442 1948 619 1999 Madan,
652 1959 692 1989 et
714 1949 906 2000 Madian,
933 1962 972 1991 et
1000 1950 1204 2001 Jesboch,
1235 1962 1275 1991 et
1298 1951 1432 1992 Sue:“
1463 1950 1687 2005 quomodo

259 2040 358 2078 ergo
390 2025 603 2066 videbitur
645 2025 828 2067 emortui
857 2025 1078 2081 corporis,
1124 2026 1197 2082 qui
1232 2027 1368 2068 multo
1411 2026 1555 2069 senior
1585 2027 1689 2067 effe-

260 2114 360 2153 ctus,
391 2101 580 2158 quam5)
610 2113 713 2145 tunc
746 2114 852 2152 erat,
883 2114 923 2144 et
952 2119 1130 2144 uxorem
1161 2102 1366 2160 accipere,
1399 2116 1439 2146 et
1473 2120 1541 2146 sex
1563 2103 1608 2159 ⁷)
1637 2104 1688 2145 li-

378 2244 419 2295 Γ)
451 2245 582 2286 Deest
627 2244 711 2285 hoe
753 2260 928 2300 quoque
958 2245 1081 2294 loco,
1126 2246 1200 2286 cfr.
1233 2262 1274 2301 p.
1305 2245 1398 2288 269.
1430 2256 1519 2286 not.
1559 2244 1599 2287 6.
1640 2244 1684 2286 in

255 2300 351 2341 edd.
383 2300 555 2342 Merlini
583 2298 736 2358 ‚‚jam.“

372 2370 418 2419 ²)
452 2370 578 2411 Rom.
610 2370 683 2420 IV,
712 2371 780 2413 20.
900 2370 945 2426 ³)
977 2371 1088 2413 Edd.
1122 2371 1317 2413 Merlini:
1351 2370 1496 2413 omnia
1527 2370 1612 2413 ista.

372 2439 419 2494 ⁴)
452 2439 604 2482 Genes.
635 2440 776 2490 XXV,
810 2440 847 2481 1.
879 2444 918 2483 2.

373 2509 417 2563 ⁵)
449 2509 547 2550 Mss.
588 2509 723 2551 nostri
765 2521 804 2550 et
842 2508 1044 2552 Rabanus
1083 2511 1262 2551 habent:
1306 2510 1555 2559 „Jcmbram
1608 2511 1684 2568 (al.

256 2565 567 2622 Membram),
599 2576 638 2606 et
667 2565 840 2615 zexan,
876 2577 915 2606 et
946 2567 1105 2607 Madau
1163 2569 1214 2607 al.
1247 2565 1487 2620 Medum),
1521 2579 1559 2608 et
1589 2567 1684 2609 Ma-

257 2623 379 2672 dian,
424 2635 463 2663 et
507 2623 636 2663 Jesoc
682 2620 759 2677 (al.
807 2621 995 2671 Jeroch,
1041 2624 1092 2663 al.
1171 2621 1350 2677 eshoc),
1400 2635 1439 2664 ct
1479 2624 1567 2665 Soe
1606 2625 1684 2681 (al.

254 2678 411 2732 Sue).“
444 2679 493 2720 R.

372 2747 418 2804 ⁶)
449 2748 558 2790 Edd.
590 2747 786 2789 Mox-lini:
817 2765 944 2804 quam
976 2760 1078 2792 tunc
1110 2761 1222 2797 crat,
1250 2766 1427 2790 uxorem
1460 2751 1683 2807 acceperit.

372 2816 418 2874 ⁷)
446 2819 546 2860 Mss.
576 2817 732 2867 nostri,
772 2818 867 2859 alii:
912 2836 1005 2869 „sex
1048 2818 1245 2869 liberos,“
1287 2819 1357 2862 alii
1389 2822 1554 2877 (itemq.
1587 2821 1681 2863 edd.

256 2874 362 2929 M.):
405 2886 591 2931 „septem
624 2875 821 2918 liberos.“
852 2873 902 2916 R.
