1788 3111
238 123 296 168 42
576 120 798 164 Ome-'Erus
825 128 874 163 'm
902 120 980 164 ΕΡ.
1009 131 1071 163 An
1098 120 1326 164 RomAuos

241 253 339 279 cum
371 234 484 292 ad‘)
514 233 791 288 Evangelium
813 234 938 286 venit,
968 251 1015 276 ex
1045 236 1131 277 fide
1152 235 1252 288 legis
1281 235 1484 277 in⁴fidem
1510 234 1668 277 Christi

240 313 446 367 dirigitur,
477 307 516 354 et
532 313 578 367 ²)
606 313 664 354 ita
695 328 746 352 ex
771 314 858 354 side
888 314 931 353 in
962 314 1091 355 fidem
1124 313 1307 369 proficit.
1368 311 1500 363 Haec,
1532 330 1669 368 quan-

238 403 330 433 tum
360 393 415 433 ad
446 391 792 445 consequentiam
821 392 1054 432 verborum
1086 391 1216 447 ipsius
1244 390 1443 446 Apostoli
1472 390 1669 445 pertinet,

238 462 349 504 dicta
377 461 471 504 sint.
529 461 656 501 Nunc
671 459 717 517 3)
750 473 889 502 autem
923 463 1043 516 quod
1071 473 1229 517 spectat
1259 462 1313 502 ad
1343 460 1663 512 intelligentiam

237 542 516 597 requiramus.
562 538 697 594 Quod
723 539 804 580 ait:
835 538 959 594 „quia
975 537 1020 595 4)
1050 556 1175 596 saepe
1199 538 1408 596 proposui
1437 538 1582 579 venire
1611 537 1666 579 ad

237 623 350 668 vos,“
383 617 598 659 ¹caritatem
621 634 755 667 suam,
783 633 911 672 quam
936 632 1031 667 erga
1052 615 1275 658 Romanos
1297 617 1496 665 habebat,
1527 627 1667 657 osten-

241 693 374 752 dit.⁵)
436 695 570 749 Quod
599 712 700 736 vero
733 693 918 736 addidit:
965 705 1033 744 „et
1048 691 1093 750 6)
1135 693 1377 749 prohibitus
1408 710 1502 735 sum
1533 708 1666 747 usque

237 774 436 815 adhuc:“
471 771 509 815 ‘si
541 772 715 828 quidem
745 783 918 828 putetur
949 788 969 812 a
1001 772 1100 813 Deo
1133 770 1396 826 prohibitus,
1428 770 1666 812 ostenditur

237 868 316 908 per
345 851 430 892 hoe
461 849 584 891 etiam
616 849 659 890 id
693 866 820 890 curae
851 866 936 890 esse
963 850 1078 900 Deo,
1107 866 1192 905 quo
1225 849 1516 904 unusquisque
1547 848 1666 901 Apo-

235 931 449 971 stolorum
479 930 544 969 vel
577 928 731 969 debeat
759 928 834 976 ire,
866 927 927 967 vel
957 945 1048 968 non
1080 928 1244 977 debeat,
1274 931 1313 967 et
1343 928 1460 981 quod
1494 925 1665 980 dispen-

235 1007 401 1050 satione
431 1007 616 1062 quadam
649 1006 737 1046 aliis
755 1003 798 1061 ⁷)
832 1004 1004 1060 quidem
1026 1004 1135 1047 sinat
1153 1004 1392 1060 praedicari
1410 1002 1455 1060 ⁸)
1485 1003 1663 1044 verbum

238 1084 346 1135 Dei,
387 1085 477 1126 aliis
506 1084 755 1141 prohibeat,
791 1083 899 1124 sicut
929 1094 969 1123 et
997 1083 1099 1125 alibi
1130 1082 1250 1123 dicit:
1280 1094 1348 1132 „et
1363 1079 1408 1138 9)
1441 1097 1539 1121 cum
1569 1089 1663 1119 ten-

233 1175 418 1205 taremus
438 1161 509 1217 10)
538 1163 601 1203 ire
621 1161 665 1201 in
687 1160 949 1218 Bithyniam,
978 1161 1202 1216 prohibuit
1224 1178 1303 1202 nos
1320 1157 1501 1214 Spiritus
1516 1157 1664 1207 Jesu;“

238 1251 276 1280 et
294 1238 366 1295 Η)
396 1240 441 1280 in
471 1237 709 1289 Evangeliis
738 1255 758 1277 a
786 1238 1007 1280 Salvatore
1038 1237 1214 1280 dicitur:
1244 1237 1391 1288 „vobis
1410 1233 1479 1291 12)
1515 1236 1661 1275 datum

234 1328 295 1358 est
324 1332 449 1357 nosse
479 1315 725 1372 mysterium
752 1315 874 1366 ‘regni
906 1315 1014 1366 Dei,
1044 1314 1304 1372 caeterisffl)
1336 1327 1475 1355 autem
1506 1314 1551 1354 in
1581 1328 1660 1368 pa-

231 1393 405 1443 rabolis,
434 1404 480 1434 ut
494 1393 681 1434 videntes
712 1409 802 1444 non
823 1392 1004 1443 videant,
1035 1406 1074 1434 et
1094 1394 1312 1436 audientes
1333 1409 1425 1433 non
1444 1390 1660 1432 audiant.“

232 1472 278 1514 Si
309 1487 433 1512 vero:
474 1467 845 1526 ,‚pr0hibitus¹4>
884 1486 977 1511 sum
1009 1487 1143 1526 usque
1182 1470 1379 1512 adhuc:“
1423 1465 1568 1526 ad¹5)
1607 1467 1659 1509 il-

348 1637 390 1694 1)
424 1638 496 1679 Sic
524 1637 624 1680 Mss.
653 1637 860 1693 plerique.
917 1637 1036 1678 Editi
1067 1654 1165 1679 vero
1199 1638 1258 1694 (e.
1286 1654 1320 1678 c.
1350 1638 1414 1678 ed.
1446 1636 1507 1676 Μ.
1528 1633 1582 1691 Ι.)
1617 1647 1656 1676 et
1681 1662 1690 1667 -

228 1696 333 1739 lee.
374 1711 505 1736 unus:
549 1696 640 1744 „de
677 1694 910 1747 Evangelio
949 1694 1082 1742 venit,
1132 1711 1178 1734 ex
1216 1696 1302 1735 fide
1340 1695 1440 1746 legis
1481 1692 1527 1733 in
1565 1695 1652 1734 side

230 1753 412 1795 Christi“
445 1763 521 1792 etc.
552 1751 602 1790 R.
631 1776 683 1782 —
715 1750 793 1791 Ed.
813 1750 873 1791 Μ.
894 1749 956 1791 II:
988 1751 1041 1791 de
1070 1750 1304 1804 Evangelio
1335 1752 1460 1800 venit,
1491 1766 1538 1790 ex
1569 1751 1655 1791 fide

224 1811 323 1863 legis
352 1810 396 1850 in
427 1809 557 1849 fidem
591 1806 749 1848 Christi
781 1819 854 1848 etc.

342 1879 389 1937 2)
421 1880 553 1920 Deest
581 1884 673 1928 ,‚et“
703 1878 748 1918 in
781 1878 877 1918 edd.
908 1877 1093 1921 Merlini.

342 1949 388 2007 ³)
420 1949 531 1991 Edd.
563 1947 757 1990 Merlini:
790 1947 888 1989 Hoc
919 1961 1058 1990 autem
1089 1961 1165 1990 etc.
1290 1947 1336 2005 4)
1368 1947 1494 1988 Rom.
1524 1947 1556 1996 I,
1587 1948 1654 1990 13.

343 2019 388 2078 5)
420 2020 538 2062 Editi
569 2019 626 2076 (e.
660 2037 692 2061 c.
725 2021 788 2061 cd.
819 2020 880 2060 M.
912 2019 990 2076 Ι.);
1030 2020 1285 2070 „innomit.“
1314 2018 1366 2060 R.
1398 2042 1450 2048 —
1482 2017 1562 2058 Ed.
1591 2016 1654 2059 M.

223 2078 285 2120 II:
314 2077 530 2125 indicavit.

341 2147 387 2205 6)
421 2148 544 2189 Rom.
574 2148 604 2196 I,
636 2149 702 2190 13.

342 2217 386 2275 7)
419 2219 528 2260 Edd.
559 2217 753 2259 Mcrlini:
800 2218 888 2260 aliis
927 2217 1158 2274 prohibeat
1189 2216 1385 2273 quidemr,
1427 2214 1516 2258 aliis
1544 2215 1654 2258 sinat

220 2276 470 2332 praedicare
499 2277 677 2316 verbum
710 2275 806 2325 Dei,
834 2275 941 2316 sicut
973 2287 1048 2315 etc.

336 2345 381 2401 8)
412 2345 512 2403 Mss.
546 2345 708 2399 plures:
748 2345 1050 2400 ,‚prne‹licari.“
1110 2345 1195 2386 Alii
1227 2362 1351 2394 vero,
1389 2356 1428 2385 et
1458 2343 1558 2385 editi
1590 2342 1649 2400 (e.

222 2420 254 2444 c.
288 2405 381 2444 cdd.
413 2400 519 2456 M.):
552 2401 863 2454 ‚,praedi‹:are.“
902 2401 949 2441 R.

339 2474 384 2527 9)
418 2476 508 2513 Act.
539 2470 655 2519 XVI,
687 2473 723 2512 7.
848 2469 916 2527 Ιο)
950 2471 1060 2511 Edd.
1092 2470 1287 2511 Men-lini:
1319 2482 1590 2511 tentaremur.

312 2542 382 2600 ΙΙ)
414 2544 545 2583 Deest
575 2547 663 2590 „et“
694 2541 737 2582 in
771 2543 864 2582 edd.
896 2541 1083 2582 Merlini.
1205 2540 1276 2597 12)
1311 2543 1408 2581 [uc.
1441 2538 1550 2590 Vlll,
1581 2541 1648 2582 10.

312 2613 382 2670 Ι3)
415 2614 495 2654 Ed.
517 2612 563 2654 R.
595 2612 639 2653 in
671 2623 802 2652 textu:
835 2611 950 2661 „aliis
982 2624 1121 2651 autum
1152 2611 1196 2661 in
1217 2612 1473 2668 parabolis,“
1500 2611 1541 2651 in
1567 2629 1645 2651 no-

219 2671 293 2713 tis:
325 2671 476 2720 „ediliz
511 2671 708 2710 caeteris
741 2679 893 2708 autem
917 2667 1206 2724 parabolis.“
1237 2694 1286 2700 —
1320 2668 1429 2709 Edd.
1453 2667 1646 2708 Merlini:

223 2730 395 2769 caeteris
429 2739 567 2767 autem
600 2726 640 2766 in
674 2725 903 2780 parabofis.

312 2797 383 2853 ¹⁴)
416 2798 540 2839 Rom.
573 2797 604 2845 I,
634 2797 700 2839 13.

311 2867 380 2925 ’5)
412 2868 492 2910 Ed.
524 2868 582 2908 Μ.
614 2867 652 2908 Ι;
686 2880 758 2917 „ut
790 2868 840 2908 ad
873 2867 1021 2909 ἰῙΙιιῐιιιι
1055 2880 1125 2908 etc.
