1788 3111
255 113 342 156 204
596 111 819 156 OmGEms
846 125 894 158 m
922 113 1001 156 Ep,
1029 123 1089 155 An
1122 102 1350 157 Romnos

257 227 338 267 bus
375 224 424 267 iis
469 241 594 266 suum
632 226 881 279 sanguinem
918 226 1052 284 fudit:
1096 238 1137 267 et
1174 227 1277 268 haec
1319 240 1381 270 est
1421 230 1689 274 credentibus

254 304 367 344 sacta
397 302 620 354 redemtio,
652 303 762 345 sicut
793 315 833 345 ct
864 304 1018 345 Petrus
1046 304 1093 344 in
1124 304 1304 360 epistola
1333 323 1408 347 sua
1437 306 1593 359 scribit,
1625 307 1690 349 di-

257 397 375 422 cens:
407 379 533 436 „quia
552 381 594 435 ¹)
633 397 725 421 non
768 380 1038 436 corruptibili
1064 393 1238 436 argento
1277 382 1344 424 vel
1375 399 1479 424 auro
1510 383 1691 425 redemti

256 457 364 506 estis,
394 458 469 499 sed
497 457 686 513 pretioso
717 458 921 511 sanguine
950 459 1158 512 unigeniti
1178 459 1281 500 Filii
1301 459 1426 503 Dei.“
1470 461 1567 502 Hoc
1596 464 1688 503 for—

255 535 372 576 tassis
412 547 452 576 et
493 536 704 577 Salomon
741 535 819 576 sub
858 536 1059 593 mysterio
1107 536 1366 590 designabat,
1398 535 1562 578 dicens:
1593 555 1686 587 „re-

255 612 416 653 demtio
432 613 477 668 2)
517 612 683 653 animae
722 610 799 651 viri
837 612 1039 667 propriae
1080 613 1248 655 divitiae
1293 613 1422 671 ejus.“
1492 614 1539 656 Si
1569 614 1685 655 enim

254 689 468 745 requiras,
510 706 619 746 quae
649 689 731 731 sint
763 688 928 730 animae
956 690 1159 746 propriae
1190 690 1369 741 divitiae,
1400 690 1587 733 invenies
1617 707 1683 733 sa—

252 767 456 824 pientiam
488 767 651 808 divitias
673 765 762 824 ejus
794 782 894 816 esse,
925 778 966 807 et
982 765 1198 823 justitiam,
1231 779 1271 809 ct
1293 768 1686 812 sanctificationem.

253 846 371 887 Haec
402 857 543 886 autem
565 844 768 900 omnia3)
801 844 1017 886 Christum
1039 861 1126 886 esse
1155 844 1256 886 dicit
1277 846 1524 901 Apostolus.
1560 845 1685 886 Chri-

253 934 339 964 stus
373 939 470 975 ergo
513 934 573 963 est
603 922 769 963 animae
800 922 987 972 divitiae,
1028 933 1068 963 et
1104 922 1203 964 ideo
1243 922 1334 979 ipse
1376 935 1436 964 est
1473 922 1684 964 redemtio

254 999 355 1057 ejus.
422 1001 533 1041 Nam
582 1000 827 1056 corporales
880 998 1049 1040 divitiae
1095 999 1304 1055 pernicies
1341 1000 1471 1054 magis
1502 1000 1681 1050 animae,

253 1095 383 1135 quam
412 1077 624 1119 redemtio
659 1075 748 1134 ejus
781 1093 868 1118 esse
900 1077 1139 1118 credendae
1169 1089 1289 1128 sunt,
1319 1077 1401 1119 nisi
1432 1079 1486 1119 ad
1514 1079 1682 1119 bonum

254 1174 362 1212 opus
395 1172 625 1197 conversae
654 1153 838 1210 justitiae
869 1165 910 1194 et
938 1154 1255 1195 misericordiae
1285 1155 1401 1204 fiant,
1435 1167 1475 1196 et
1506 1172 1553 1196 ex
1584 1172 1680 1196 cor-

249 1233 472 1290 poralibus
505 1231 656 1273 divitiis
687 1232 742 1271 ad
773 1230 938 1271 animae
970 1229 1132 1271 divitias
1161 1232 1481 1272 transferantur.

361 1312 400 1355 8.
430 1308 663 1365 „Qucm4)
709 1307 996 1364 proposuit5)
1040 1307 1160 1348 Deus
1210 1307 1564 1363 propitiationem
1602 1324 1681 1364 per

246 1390 379 1431 fidem
409 1387 456 1428 in
493 1385 697 1439 sanguine
726 1385 869 1441 ipsius,
900 1386 955 1426 ad
1003 1384 1290 1426 ostensionem
1328 1384 1513 1443 justitiae
1560 1402 1675 1432 suae,

244 1479 424 1525 propter
452 1463 745 1506 remissionem
775 1462 1124 1519 praecedentium
1150 1462 1420 1514 delictorum,
1449 1463 1495 1504 in
1512 1474 1676 1505 susten—

242 1545 404 1587 tatione
434 1543 532 1593 Dei,
562 1543 617 1583 ad
647 1541 934 1583 ostensionem
953 1539 1137 1598 justitiae
1161 1539 1250 1598 ejus
1279 1540 1326 1580 iu
1347 1542 1430 1581 hoc
1459 1552 1674 1596 tempore:

242 1635 291 1664 ut
320 1622 372 1664 sit
400 1621 490 1676 ipse
519 1619 668 1678 justus,
699 1630 739 1659 et
769 1618 999 1676 justificans
1031 1635 1151 1667 eum,
1183 1617 1256 1673 qui
1287 1633 1334 1658 ex
1364 1617 1450 1657 fide
1482 1629 1542 1658 est
1571 1618 1674 1658 Jesu

246 1698 441 1742 Christif‘
502 1697 612 1738 Cum
641 1696 777 1736 multa
805 1712 886 1736 nos
918 1707 959 1736 et
984 1694 1234 1735 admiranda
1265 1693 1477 1734 docuisset
1503 1705 1670 1736 sanctus

240 1776 476 1834 Apostolus
508 1775 562 1814 de
590 1773 785 1814 Domino
816 1784 964 1813 nostro
996 1774 1100 1813 Jesu
1123 1770 1307 1821 Christo,
1340 1787 1448 1827 quae
1468 1788 1546 1827 per
1574 1789 1667 1830 my-

239 1854 415 1897 sterium
447 1853 500 1893 dc
532 1868 581 1893 eo
615 1850 837 1899 dicuntur,
877 1850 960 1890 hoc
998 1848 1044 1889 in
1084 1849 1182 1889 loco
1223 1848 1475 1890 eminentius
1506 1849 1669 1905 aliquid

239 1930 434 1990 protulit,
467 1929 586 1985 quod
615 1943 707 1968 non
735 1926 860 1967 facile
889 1925 935 1966 in
963 1925 1052 1966 aliis
1073 1925 1318 1981 Scripturae
1347 1925 1452 1968 locis
1483 1925 1669 1967 arbitror

237 2007 429 2051 inveniri.
489 2007 600 2047 Nam
632 2021 730 2045 cum
761 2002 954 2059 superius
976 2003 1021 2059 6)
1054 2002 1244 2053 dixisset,
1285 2004 1404 2059 quod
1433 2021 1515 2060 pro
1549 2003 1666 2045 omni

236 2103 390 2142 genere
427 2086 616 2125 humano
649 2081 961 2123 redemtionem
1010 2092 1142 2122 semet
1179 2080 1320 2137 ipsum
1361 2080 1572 2132 dedisset,
1617 2091 1665 2122 ut

357 2289 402 2345 1)
433 2290 453 2329 I
482 2288 596 2328 Pctr.
628 2287 661 2336 I,
693 2285 756 2328 18.
789 2286 855 2328 19.
975 2284 1022 2339 2)
1052 2284 1180 2325 Prov.
1211 2283 1329 2334 XIII,
1361 2284 1401 2327 8.

352 2359 398 2414 3)
428 2358 479 2397 In
511 2355 630 2397 editis
661 2355 721 2411 (e.
754 2373 786 2398 c.
817 2355 862 2395 in
896 2355 992 2395 cdd.
1023 2353 1111 2409 M.)
1132 2353 1331 2404 „omnia“
1364 2351 1584 2394 omittitur.
1603 2377 1658 2384 —-

232 2418 319 2460 Csr.
347 2416 369 2456 I
403 2415 502 2456 Cor.
534 2414 566 2462 I,
596 2414 661 2454 30.

348 2486 394 2542 ⁴)
427 2482 856 2530 R0m.111,25.‘26.

348 2557 395 2610 5)
424 2556 505 2596 Ed.
535 2551 712 2595 Ruaei
702 2570 744 2591 ln
774 2564 911 2592 textu:
943 2551 1114 2605 „Quem
1145 2574 1196 2582 —
1225 2547 1571 2604 piopitiationem
1602 2574 1653 2580 —

231 2614 434 2669 sanguine
466 2610 566 2667 ejus,
600 2611 653 2649 ad
683 2634 739 2641 —-
768 2625 880 2656 suae,
910 2624 987 2662 per
1018 2606 1334 2647 iernissi011e1n“
1378 2617 1467 2654 ete„
1499 2623 1541 2644 111
1572 2622 1650 2646 no-

186 2667 187 2671 *
228 2674 307 2715 tis:
342 2670 468 2720 „alias
510 2670 569 2723 (ν.
602 2683 635 2707 e
667 2665 710 2705 in
744 2666 841 2705 cdd.
871 2664 978 2718 Md)
1029 2664 1174 2720 Quem
1208 2687 1259 2693 --
1290 2664 1654 2727 propitiatorem

230 2755 283 2763 —-
316 2743 398 2769 san
405 2728 591 2783 minem
630 2723 750 2779 (cdd.
790 2720 991 2762 Merlini:
1024 2735 1135 2760 san⁰
1111 2718 1275 2777 t>uine)
1306 2721 1471 2776 ipsius,
1505 2718 1568 2760 acl
1599 2743 1651 2750 ——

231 2802 362 2840 suae,
395 2762 969 2839 propter1·'·e11zi.0.§i0nem“
1001 2789 1076 2818 etc.

344 2855 391 2910 ὅ)
421 2855 547 2895 Rom.
579 2852 652 2900 Ill,
682 2850 747 2895 21.
780 2850 876 2891 coll.
910 2849 927 2889 Ι
961 2847 1148 2890 'limoth.
1181 2847 1235 2898 Il,
1265 2847 1302 2890 6.
