<?xml version="1.0" encoding="UTF-8"?>
<!DOCTYPE html PUBLIC "-//W3C//DTD XHTML 1.0 Transitional//EN"
    "http://www.w3.org/TR/xhtml1/DTD/xhtml1-transitional.dtd">
<html xmlns="http://www.w3.org/1999/xhtml" xml:lang="en" lang="en">
 <head>
  <title>
</title>
<meta http-equiv="Content-Type" content="text/html;charset=utf-8" />
  <meta name='ocr-system' content='tesseract 3.04.00' />
  <meta name='ocr-capabilities' content='ocr_page ocr_carea ocr_par ocr_line ocrx_word'/>
</head>
<body>
  <div class='ocr_page' id='page_1' title='image "./operaomniaquaegr06orig/operaomniaquaegr06orig_0301.png"; bbox 0 0 1788 3111; ppageno 0'>
   <div class='ocr_carea' id='block_1_1' title="bbox 475 122 1519 173">
    <p class='ocr_par' dir='ltr' id='par_1_1' title="bbox 475 122 1519 173">
     <span class='ocr_line' id='line_1_1' title="bbox 475 122 1519 173; baseline 0.002 -6"><span class='ocrx_word' id='word_1_1' title='bbox 475 124 912 168; x_wconf 66' lang='lat' dir='ltr'>COMMENTAMORUM</span> <span class='ocrx_word' id='word_1_2' title='bbox 939 124 1031 166; x_wconf 77' lang='lat' dir='ltr'><strong>Lm.</strong></span> <span class='ocrx_word' id='word_1_3' title='bbox 1061 122 1130 167; x_wconf 87' lang='lat' dir='ltr'><strong>1v.</strong></span> <span class='ocrx_word' id='word_1_4' title='bbox 1434 127 1519 173; x_wconf 82' lang='lat'><strong>289</strong></span> 
     </span>
    </p>
   </div>
   <div class='ocr_carea' id='block_1_2' title="bbox 90 236 1511 2195">
    <p class='ocr_par' dir='ltr' id='par_1_2' title="bbox 90 236 1511 2195">
     <span class='ocr_line' id='line_1_2' title="bbox 106 236 1511 292; baseline 0.001 -13"><span class='ocrx_word' id='word_1_5' title='bbox 106 248 164 279; x_wconf 86' lang='lat' dir='ltr'><strong>est</strong></span> <span class='ocrx_word' id='word_1_6' title='bbox 199 236 366 286; x_wconf 87' lang='lat' dir='ltr'><strong>ostium,</strong></span> <span class='ocrx_word' id='word_1_7' title='bbox 397 247 444 278; x_wconf 90' lang='lat' dir='ltr'><strong>ut</strong></span> <span class='ocrx_word' id='word_1_8' title='bbox 479 236 682 285; x_wconf 85' lang='lat' dir='ltr'><strong>sciamus,</strong></span> <span class='ocrx_word' id='word_1_9' title='bbox 728 236 871 290; x_wconf 87' lang='lat' dir='ltr'><strong>quales</strong></span> <span class='ocrx_word' id='word_1_10' title='bbox 901 252 986 276; x_wconf 88' lang='lat' dir='ltr'><strong>esse</strong></span> <span class='ocrx_word' id='word_1_11' title='bbox 1016 236 1216 285; x_wconf 85' lang='lat' dir='ltr'><strong>debeant,</strong></span> <span class='ocrx_word' id='word_1_12' title='bbox 1245 237 1317 292; x_wconf 91' lang='lat' dir='ltr'><strong>qui</strong></span> <span class='ocrx_word' id='word_1_13' title='bbox 1355 237 1511 280; x_wconf 80' lang='lat' dir='ltr'><strong>intrent</strong></span> 
     </span>
     <span class='ocr_line' id='line_1_3' title="bbox 102 312 1508 370; baseline 0.002 -16"><span class='ocrx_word' id='word_1_14' title='bbox 102 329 181 370; x_wconf 79' lang='lat' dir='ltr'><strong>per</strong></span> <span class='ocrx_word' id='word_1_15' title='bbox 208 312 360 369; x_wconf 88' lang='lat' dir='ltr'><strong>ipsum,</strong></span> <span class='ocrx_word' id='word_1_16' title='bbox 390 323 429 354; x_wconf 87' lang='lat' dir='ltr'><strong>et</strong></span> <span class='ocrx_word' id='word_1_17' title='bbox 459 329 669 355; x_wconf 87' lang='lat' dir='ltr'><strong>accessum</strong></span> <span class='ocrx_word' id='word_1_18' title='bbox 692 313 876 353; x_wconf 79' lang='lat' dir='ltr'><strong>habeant</strong></span> <span class='ocrx_word' id='word_1_19' title='bbox 905 313 958 354; x_wconf 83' lang='lat' dir='ltr'><strong>ad</strong></span> <span class='ocrx_word' id='word_1_20' title='bbox 988 312 1172 364; x_wconf 79' lang='lat' dir='ltr'>gratiam.</span> <span class='ocrx_word' id='word_1_21' title='bbox 1211 312 1324 355; x_wconf 78' lang='lat' dir='ltr'><strong>Istud</strong></span> <span class='ocrx_word' id='word_1_22' title='bbox 1357 315 1508 357; x_wconf 87' lang='lat' dir='ltr'><strong>ostium</strong></span> 
     </span>
     <span class='ocr_line' id='line_1_4' title="bbox 102 387 1510 445; baseline 0.003 -16"><span class='ocrx_word' id='word_1_23' title='bbox 102 389 250 430; x_wconf 73' lang='lat' dir='ltr'><strong>veritas</strong></span> <span class='ocrx_word' id='word_1_24' title='bbox 281 400 357 437; x_wconf 87' lang='lat' dir='ltr'><strong>est,</strong></span> <span class='ocrx_word' id='word_1_25' title='bbox 397 399 437 429; x_wconf 87' lang='lat' dir='ltr'><strong>et</strong></span> <span class='ocrx_word' id='word_1_26' title='bbox 471 405 549 445; x_wconf 86' lang='lat' dir='ltr'><strong>per</strong></span> <span class='ocrx_word' id='word_1_27' title='bbox 587 387 738 430; x_wconf 86' lang='lat' dir='ltr'><strong>ostium</strong></span> <span class='ocrx_word' id='word_1_28' title='bbox 779 388 956 429; x_wconf 84' lang='lat' dir='ltr'><strong>veritatis</strong></span> <span class='ocrx_word' id='word_1_29' title='bbox 996 406 1088 430; x_wconf 88' lang='lat' dir='ltr'><strong>non</strong></span> <span class='ocrx_word' id='word_1_30' title='bbox 1129 401 1306 444; x_wconf 86' lang='lat' dir='ltr'><strong>possunt</strong></span> <span class='ocrx_word' id='word_1_31' title='bbox 1334 390 1510 433; x_wconf 78' lang='lat' dir='ltr'><strong>introire</strong></span> 
     </span>
     <span class='ocr_line' id='line_1_5' title="bbox 99 463 1508 523; baseline 0.002 -17"><span class='ocrx_word' id='word_1_32' title='bbox 99 467 336 506; x_wconf 81' lang='lat' dir='ltr'><strong>mendaces.</strong></span> <span class='ocrx_word' id='word_1_33' title='bbox 403 464 458 505; x_wconf 90' lang='lat' dir='ltr'><strong>Et</strong></span> <span class='ocrx_word' id='word_1_34' title='bbox 495 480 659 505; x_wconf 85' lang='lat' dir='ltr'><strong>rursum</strong></span> <span class='ocrx_word' id='word_1_35' title='bbox 699 463 810 504; x_wconf 86' lang='lat' dir='ltr'><strong>istud</strong></span> <span class='ocrx_word' id='word_1_36' title='bbox 851 465 1002 506; x_wconf 79' lang='lat' dir='ltr'><strong>ostium</strong></span> <span class='ocrx_word' id='word_1_37' title='bbox 1044 463 1197 521; x_wconf 80' lang='lat' dir='ltr'><strong>justitia</strong></span> <span class='ocrx_word' id='word_1_38' title='bbox 1234 477 1314 514; x_wconf 81' lang='lat' dir='ltr'><strong>est,</strong></span> <span class='ocrx_word' id='word_1_39' title='bbox 1354 479 1392 507; x_wconf 89' lang='lat' dir='ltr'><strong>et</strong></span> <span class='ocrx_word' id='word_1_40' title='bbox 1432 484 1508 523; x_wconf 87' lang='lat' dir='ltr'><strong>per</strong></span> 
     </span>
     <span class='ocr_line' id='line_1_6' title="bbox 101 539 1506 598; baseline 0.001 -16"><span class='ocrx_word' id='word_1_41' title='bbox 101 541 253 582; x_wconf 87' lang='lat' dir='ltr'><strong>ostium</strong></span> <span class='ocrx_word' id='word_1_42' title='bbox 294 539 472 598; x_wconf 81' lang='lat' dir='ltr'><strong>justitiae</strong></span> <span class='ocrx_word' id='word_1_43' title='bbox 514 557 602 581; x_wconf 88' lang='lat' dir='ltr'><strong>non</strong></span> <span class='ocrx_word' id='word_1_44' title='bbox 640 539 935 590; x_wconf 84' lang='lat' dir='ltr'><strong>ingrediuntur</strong></span> <span class='ocrx_word' id='word_1_45' title='bbox 972 540 1122 597; x_wconf 80' lang='lat' dir='ltr'><strong>injusti.</strong></span> <span class='ocrx_word' id='word_1_46' title='bbox 1198 543 1311 583; x_wconf 81' lang='lat' dir='ltr'><strong>Istud</strong></span> <span class='ocrx_word' id='word_1_47' title='bbox 1354 544 1506 584; x_wconf 86' lang='lat' dir='ltr'><strong>ostium</strong></span> 
     </span>
     <span class='ocr_line' id='line_1_7' title="bbox 101 616 1508 672; baseline 0.001 -14"><span class='ocrx_word' id='word_1_48' title='bbox 101 617 221 658; x_wconf 88' lang='lat' dir='ltr'><strong>dicit:</strong></span> <span class='ocrx_word' id='word_1_49' title='bbox 251 617 421 666; x_wconf 76' lang='lat' dir='ltr'><strong>„discite</strong></span> <span class='ocrx_word' id='word_1_50' title='bbox 442 616 482 672; x_wconf 86' lang='lat'><strong>¹)</strong></span> <span class='ocrx_word' id='word_1_51' title='bbox 515 633 535 656; x_wconf 88' lang='lat' dir='ltr'><strong>a</strong></span> <span class='ocrx_word' id='word_1_52' title='bbox 569 632 650 664; x_wconf 86' lang='lat' dir='ltr'><strong>me,</strong></span> <span class='ocrx_word' id='word_1_53' title='bbox 682 616 778 671; x_wconf 87' lang='lat' dir='ltr'><strong>quia</strong></span> <span class='ocrx_word' id='word_1_54' title='bbox 802 617 909 658; x_wconf 84' lang='lat' dir='ltr'><strong>mitis</strong></span> <span class='ocrx_word' id='word_1_55' title='bbox 934 634 1040 665; x_wconf 87' lang='lat' dir='ltr'><strong>sum,</strong></span> <span class='ocrx_word' id='word_1_56' title='bbox 1071 628 1111 657; x_wconf 91' lang='lat' dir='ltr'><strong>et</strong></span> <span class='ocrx_word' id='word_1_57' title='bbox 1140 617 1309 659; x_wconf 85' lang='lat' dir='ltr'><strong>humilis</strong></span> <span class='ocrx_word' id='word_1_58' title='bbox 1340 621 1508 660; x_wconf 73' lang='lat' dir='ltr'><strong>corde.¹‘</strong></span> 
     </span>
     <span class='ocr_line' id='line_1_8' title="bbox 97 691 1507 745; baseline 0.002 -13"><span class='ocrx_word' id='word_1_59' title='bbox 97 691 181 734; x_wconf 85' lang='lat' dir='ltr'><strong>Per</strong></span> <span class='ocrx_word' id='word_1_60' title='bbox 211 693 362 734; x_wconf 90' lang='lat' dir='ltr'><strong>ostium</strong></span> <span class='ocrx_word' id='word_1_61' title='bbox 395 709 491 745; x_wconf 85' lang='lat' dir='ltr'><strong>ergo</strong></span> <span class='ocrx_word' id='word_1_62' title='bbox 525 692 768 734; x_wconf 74' lang='lat' dir='ltr'><strong>humilitatis</strong></span> <span class='ocrx_word' id='word_1_63' title='bbox 800 704 838 733; x_wconf 89' lang='lat' dir='ltr'><strong>et</strong></span> <span class='ocrx_word' id='word_1_64' title='bbox 867 694 1198 735; x_wconf 75' lang='lat' dir='ltr'><strong>mansuetudinis</strong></span> <span class='ocrx_word' id='word_1_65' title='bbox 1228 711 1305 734; x_wconf 83' lang='lat' dir='ltr'><strong>nec</strong></span> <span class='ocrx_word' id='word_1_66' title='bbox 1335 695 1507 736; x_wconf 82' lang='lat' dir='ltr'><strong>iracun-</strong></span> 
     </span>
     <span class='ocr_line' id='line_1_9' title="bbox 97 769 1508 826; baseline 0.002 -17"><span class='ocrx_word' id='word_1_67' title='bbox 97 769 174 811; x_wconf 87' lang='lat' dir='ltr'><strong>dus</strong></span> <span class='ocrx_word' id='word_1_68' title='bbox 205 769 446 820; x_wconf 84' lang='lat' dir='ltr'><strong>ingreditur,</strong></span> <span class='ocrx_word' id='word_1_69' title='bbox 477 784 555 808; x_wconf 88' lang='lat' dir='ltr'><strong>nec</strong></span> <span class='ocrx_word' id='word_1_70' title='bbox 582 770 801 824; x_wconf 84' lang='lat' dir='ltr'><strong>superbus.</strong></span> <span class='ocrx_word' id='word_1_71' title='bbox 861 769 906 810; x_wconf 88' lang='lat' dir='ltr'><strong>Si</strong></span> <span class='ocrx_word' id='word_1_72' title='bbox 948 771 1036 824; x_wconf 89' lang='lat' dir='ltr'><strong>quis</strong></span> <span class='ocrx_word' id='word_1_73' title='bbox 1073 770 1214 825; x_wconf 87' lang='lat' dir='ltr'><strong>itaque</strong></span> <span class='ocrx_word' id='word_1_74' title='bbox 1243 783 1312 820; x_wconf 90' lang='lat' dir='ltr'><strong>est,</strong></span> <span class='ocrx_word' id='word_1_75' title='bbox 1344 771 1415 826; x_wconf 88' lang='lat' dir='ltr'><strong>qui</strong></span> <span class='ocrx_word' id='word_1_76' title='bbox 1444 788 1508 813; x_wconf 90' lang='lat' dir='ltr'><strong>se-</strong></span> 
     </span>
     <span class='ocr_line' id='line_1_10' title="bbox 96 843 1508 901; baseline 0.001 -15"><span class='ocrx_word' id='word_1_77' title='bbox 96 846 286 886; x_wconf 86' lang='lat' dir='ltr'><strong>cundum</strong></span> <span class='ocrx_word' id='word_1_78' title='bbox 316 844 514 900; x_wconf 82' lang='lat' dir='ltr'><strong>Apostoli</strong></span> <span class='ocrx_word' id='word_1_79' title='bbox 540 843 788 900; x_wconf 78' lang='lat' dir='ltr'><strong>verbum,²)</strong></span> <span class='ocrx_word' id='word_1_80' title='bbox 829 861 908 901; x_wconf 91' lang='lat' dir='ltr'><strong>per</strong></span> <span class='ocrx_word' id='word_1_81' title='bbox 944 846 1182 887; x_wconf 88' lang='lat' dir='ltr'><strong>Dominum</strong></span> <span class='ocrx_word' id='word_1_82' title='bbox 1212 859 1404 888; x_wconf 90' lang='lat' dir='ltr'><strong>nostrum</strong></span> <span class='ocrx_word' id='word_1_83' title='bbox 1435 848 1508 888; x_wconf 87' lang='lat' dir='ltr'><strong>Je-</strong></span> 
     </span>
     <span class='ocr_line' id='line_1_11' title="bbox 96 921 1509 974; baseline 0.001 -12"><span class='ocrx_word' id='word_1_84' title='bbox 96 938 189 963; x_wconf 82' lang='lat' dir='ltr'><strong>sum</strong></span> <span class='ocrx_word' id='word_1_85' title='bbox 225 921 436 961; x_wconf 81' lang='lat' dir='ltr'>Christum</span> <span class='ocrx_word' id='word_1_86' title='bbox 468 937 678 962; x_wconf 86' lang='lat' dir='ltr'><strong>accessum</strong></span> <span class='ocrx_word' id='word_1_87' title='bbox 716 923 803 961; x_wconf 89' lang='lat' dir='ltr'><strong>vult</strong></span> <span class='ocrx_word' id='word_1_88' title='bbox 842 922 999 962; x_wconf 81' lang='lat' dir='ltr'><strong>hahere</strong></span> <span class='ocrx_word' id='word_1_89' title='bbox 1037 922 1080 962; x_wconf 92' lang='lat' dir='ltr'><strong>in</strong></span> <span class='ocrx_word' id='word_1_90' title='bbox 1112 923 1283 973; x_wconf 77' lang='lat' dir='ltr'>gratiam</span> <span class='ocrx_word' id='word_1_91' title='bbox 1314 923 1509 974; x_wconf 86' lang='lat' dir='ltr'><strong>Domini,</strong></span> 
     </span>
     <span class='ocr_line' id='line_1_12' title="bbox 95 997 1506 1055; baseline 0.002 -17"><span class='ocrx_word' id='word_1_92' title='bbox 95 997 139 1038; x_wconf 90' lang='lat' dir='ltr'><strong>in</strong></span> <span class='ocrx_word' id='word_1_93' title='bbox 171 1014 252 1053; x_wconf 86' lang='lat' dir='ltr'><strong>qua</strong></span> <span class='ocrx_word' id='word_1_94' title='bbox 285 997 461 1047; x_wconf 85' lang='lat' dir='ltr'><strong>Paulus,</strong></span> <span class='ocrx_word' id='word_1_95' title='bbox 493 1008 532 1037; x_wconf 87' lang='lat' dir='ltr'><strong>et</strong></span> <span class='ocrx_word' id='word_1_96' title='bbox 560 997 593 1038; x_wconf 90' lang='lat' dir='ltr'><strong>si</strong></span> <span class='ocrx_word' id='word_1_97' title='bbox 634 997 705 1052; x_wconf 92' lang='lat' dir='ltr'><strong>qui</strong></span> <span class='ocrx_word' id='word_1_98' title='bbox 734 1009 831 1038; x_wconf 91' lang='lat' dir='ltr'><strong>sunt</strong></span> <span class='ocrx_word' id='word_1_99' title='bbox 859 997 1012 1040; x_wconf 81' lang='lat' dir='ltr'><strong>similes</strong></span> <span class='ocrx_word' id='word_1_100' title='bbox 1041 997 1140 1055; x_wconf 85' lang='lat' dir='ltr'><strong>ejus,</strong></span> <span class='ocrx_word' id='word_1_101' title='bbox 1158 999 1201 1053; x_wconf 80' lang='lat'><strong>³)</strong></span> <span class='ocrx_word' id='word_1_102' title='bbox 1229 1011 1338 1041; x_wconf 76' lang='lat' dir='ltr'><strong>stare</strong></span> <span class='ocrx_word' id='word_1_103' title='bbox 1362 1017 1406 1041; x_wconf 85' lang='lat' dir='ltr'><strong>se</strong></span> <span class='ocrx_word' id='word_1_104' title='bbox 1438 1001 1506 1041; x_wconf 88' lang='lat' dir='ltr'><strong>di-</strong></span> 
     </span>
     <span class='ocr_line' id='line_1_13' title="bbox 95 1072 1509 1131; baseline 0.001 -16"><span class='ocrx_word' id='word_1_105' title='bbox 95 1074 164 1125; x_wconf 85' lang='lat' dir='ltr'><strong>cit,</strong></span> <span class='ocrx_word' id='word_1_106' title='bbox 195 1085 364 1130; x_wconf 86' lang='lat' dir='ltr'><strong>oportet</strong></span> <span class='ocrx_word' id='word_1_107' title='bbox 394 1089 490 1114; x_wconf 89' lang='lat' dir='ltr'><strong>eum</strong></span> <span class='ocrx_word' id='word_1_108' title='bbox 522 1074 574 1113; x_wconf 87' lang='lat' dir='ltr'><strong>ab</strong></span> <span class='ocrx_word' id='word_1_109' title='bbox 605 1072 668 1114; x_wconf 87' lang='lat' dir='ltr'><strong>his</strong></span> <span class='ocrx_word' id='word_1_110' title='bbox 700 1074 922 1124; x_wconf 82' lang='lat' dir='ltr'><strong>omnibus,</strong></span> <span class='ocrx_word' id='word_1_111' title='bbox 963 1091 1070 1131; x_wconf 85' lang='lat' dir='ltr'><strong>quae</strong></span> <span class='ocrx_word' id='word_1_112' title='bbox 1097 1092 1224 1130; x_wconf 83' lang='lat' dir='ltr'><strong>supra</strong></span> <span class='ocrx_word' id='word_1_113' title='bbox 1253 1078 1509 1118; x_wconf 79' lang='lat' dir='ltr'><strong>memoravi-</strong></span> 
     </span>
     <span class='ocr_line' id='line_1_14' title="bbox 92 1151 1506 1207; baseline 0.002 -16"><span class='ocrx_word' id='word_1_114' title='bbox 92 1168 206 1200; x_wconf 89' lang='lat' dir='ltr'><strong>mus,</strong></span> <span class='ocrx_word' id='word_1_115' title='bbox 250 1166 334 1191; x_wconf 89' lang='lat' dir='ltr'><strong>esse</strong></span> <span class='ocrx_word' id='word_1_116' title='bbox 375 1161 613 1206; x_wconf 86' lang='lat' dir='ltr'><strong>purgatum.</strong></span> <span class='ocrx_word' id='word_1_117' title='bbox 669 1151 872 1206; x_wconf 82' lang='lat' dir='ltr'><strong>Alioquin</strong></span> <span class='ocrx_word' id='word_1_118' title='bbox 903 1167 993 1191; x_wconf 88' lang='lat' dir='ltr'><strong>non</strong></span> <span class='ocrx_word' id='word_1_119' title='bbox 1024 1151 1207 1207; x_wconf 85' lang='lat' dir='ltr'><strong>patietur</strong></span> <span class='ocrx_word' id='word_1_120' title='bbox 1236 1152 1320 1192; x_wconf 85' lang='lat' dir='ltr'><strong>hoe</strong></span> <span class='ocrx_word' id='word_1_121' title='bbox 1353 1152 1506 1194; x_wconf 83' lang='lat' dir='ltr'><strong>ostium</strong></span> 
     </span>
     <span class='ocr_line' id='line_1_15' title="bbox 91 1224 1508 1281; baseline 0.002 -14"><span class='ocrx_word' id='word_1_122' title='bbox 91 1226 273 1267; x_wconf 86' lang='lat' dir='ltr'><strong>introire</strong></span> <span class='ocrx_word' id='word_1_123' title='bbox 304 1243 374 1268; x_wconf 90' lang='lat' dir='ltr'><strong>eos</strong></span> <span class='ocrx_word' id='word_1_124' title='bbox 404 1243 482 1281; x_wconf 89' lang='lat' dir='ltr'><strong>per</strong></span> <span class='ocrx_word' id='word_1_125' title='bbox 512 1242 567 1274; x_wconf 86' lang='lat' dir='ltr'><strong>se,</strong></span> <span class='ocrx_word' id='word_1_126' title='bbox 599 1224 754 1280; x_wconf 76' lang='lat' dir='ltr'><strong>quiea,</strong></span> <span class='ocrx_word' id='word_1_127' title='bbox 787 1242 895 1281; x_wconf 82' lang='lat' dir='ltr'><strong>quae</strong></span> <span class='ocrx_word' id='word_1_128' title='bbox 925 1242 947 1266; x_wconf 85' lang='lat' dir='ltr'><strong>a</strong></span> <span class='ocrx_word' id='word_1_129' title='bbox 977 1243 1022 1267; x_wconf 91' lang='lat' dir='ltr'><strong>se</strong></span> <span class='ocrx_word' id='word_1_130' title='bbox 1043 1227 1179 1268; x_wconf 81' lang='lat' dir='ltr'><strong>aliena</strong></span> <span class='ocrx_word' id='word_1_131' title='bbox 1208 1239 1317 1276; x_wconf 89' lang='lat' dir='ltr'><strong>sunt,</strong></span> <span class='ocrx_word' id='word_1_132' title='bbox 1347 1241 1508 1279; x_wconf 86' lang='lat' dir='ltr'><strong>gerunt,</strong></span> 
     </span>
     <span class='ocr_line' id='line_1_16' title="bbox 92 1301 1509 1356; baseline -0.001 -11"><span class='ocrx_word' id='word_1_133' title='bbox 92 1305 166 1346; x_wconf 86' lang='lat' dir='ltr'><strong>sed</strong></span> <span class='ocrx_word' id='word_1_134' title='bbox 197 1303 398 1344; x_wconf 85' lang='lat' dir='ltr'><strong>continuo</strong></span> <span class='ocrx_word' id='word_1_135' title='bbox 431 1301 660 1351; x_wconf 81' lang='lat' dir='ltr'><strong>clauditur,</strong></span> <span class='ocrx_word' id='word_1_136' title='bbox 694 1313 732 1341; x_wconf 83' lang='lat' dir='ltr'><strong>et</strong></span> <span class='ocrx_word' id='word_1_137' title='bbox 758 1301 934 1342; x_wconf 86' lang='lat' dir='ltr'><strong>transire</strong></span> <span class='ocrx_word' id='word_1_138' title='bbox 963 1318 1040 1356; x_wconf 87' lang='lat' dir='ltr'><strong>per</strong></span> <span class='ocrx_word' id='word_1_139' title='bbox 1066 1319 1110 1343; x_wconf 88' lang='lat' dir='ltr'><strong>se</strong></span> <span class='ocrx_word' id='word_1_140' title='bbox 1139 1319 1227 1343; x_wconf 90' lang='lat' dir='ltr'><strong>non</strong></span> <span class='ocrx_word' id='word_1_141' title='bbox 1265 1303 1362 1344; x_wconf 84' lang='lat' dir='ltr'><strong>sinit</strong></span> <span class='ocrx_word' id='word_1_142' title='bbox 1391 1304 1509 1346; x_wconf 87' lang='lat' dir='ltr'><strong>dissi-</strong></span> 
     </span>
     <span class='ocr_line' id='line_1_17' title="bbox 93 1378 1508 1434; baseline 0.001 -14"><span class='ocrx_word' id='word_1_143' title='bbox 93 1379 214 1422; x_wconf 83' lang='lat' dir='ltr'><strong>miles</strong></span> <span class='ocrx_word' id='word_1_144' title='bbox 243 1379 336 1421; x_wconf 84' lang='lat' dir='ltr'><strong>sibi.</strong></span> <span class='ocrx_word' id='word_1_145' title='bbox 394 1379 491 1419; x_wconf 90' lang='lat' dir='ltr'><strong>Hoc</strong></span> <span class='ocrx_word' id='word_1_146' title='bbox 519 1378 720 1419; x_wconf 86' lang='lat' dir='ltr'><strong>nimirum</strong></span> <span class='ocrx_word' id='word_1_147' title='bbox 753 1389 830 1427; x_wconf 90' lang='lat' dir='ltr'><strong>est,</strong></span> <span class='ocrx_word' id='word_1_148' title='bbox 863 1379 980 1433; x_wconf 89' lang='lat' dir='ltr'><strong>quod</strong></span> <span class='ocrx_word' id='word_1_149' title='bbox 1012 1390 1052 1418; x_wconf 89' lang='lat' dir='ltr'><strong>et</strong></span> <span class='ocrx_word' id='word_1_150' title='bbox 1079 1378 1160 1419; x_wconf 85' lang='lat' dir='ltr'><strong>illis</strong></span> <span class='ocrx_word' id='word_1_151' title='bbox 1190 1379 1377 1434; x_wconf 88' lang='lat' dir='ltr'><strong>quinque</strong></span> <span class='ocrx_word' id='word_1_152' title='bbox 1407 1381 1508 1422; x_wconf 85' lang='lat' dir='ltr'><strong>insi·-</strong></span> 
     </span>
     <span class='ocr_line' id='line_1_18' title="bbox 92 1453 1506 1512; baseline 0.001 -16"><span class='ocrx_word' id='word_1_153' title='bbox 92 1456 306 1512; x_wconf 86' lang='lat' dir='ltr'><strong>pientibus</strong></span> <span class='ocrx_word' id='word_1_154' title='bbox 336 1455 565 1506; x_wconf 83' lang='lat' dir='ltr'><strong>virginibus</strong></span> <span class='ocrx_word' id='word_1_155' title='bbox 579 1453 624 1507; x_wconf 75' lang='lat'><strong>4)</strong></span> <span class='ocrx_word' id='word_1_156' title='bbox 660 1453 831 1503; x_wconf 83' lang='lat' dir='ltr'><strong>accidit,</strong></span> <span class='ocrx_word' id='word_1_157' title='bbox 862 1470 983 1508; x_wconf 83' lang='lat' dir='ltr'><strong>quae,</strong></span> <span class='ocrx_word' id='word_1_158' title='bbox 1013 1454 1215 1508; x_wconf 85' lang='lat' dir='ltr'><strong>quoniam</strong></span> <span class='ocrx_word' id='word_1_159' title='bbox 1249 1456 1390 1497; x_wconf 86' lang='lat' dir='ltr'><strong>oleum</strong></span> <span class='ocrx_word' id='word_1_160' title='bbox 1425 1458 1506 1498; x_wconf 90' lang='lat' dir='ltr'><strong>ho-</strong></span> 
     </span>
     <span class='ocr_line' id='line_1_19' title="bbox 91 1529 1507 1587; baseline 0 -13"><span class='ocrx_word' id='word_1_161' title='bbox 91 1550 251 1574; x_wconf 85' lang='lat' dir='ltr'><strong>norum</strong></span> <span class='ocrx_word' id='word_1_162' title='bbox 283 1547 460 1587; x_wconf 86' lang='lat' dir='ltr'><strong>operum</strong></span> <span class='ocrx_word' id='word_1_163' title='bbox 501 1530 546 1570; x_wconf 89' lang='lat' dir='ltr'><strong>in</strong></span> <span class='ocrx_word' id='word_1_164' title='bbox 586 1529 760 1571; x_wconf 82' lang='lat' dir='ltr'><strong>vasculis</strong></span> <span class='ocrx_word' id='word_1_165' title='bbox 802 1530 883 1571; x_wconf 83' lang='lat' dir='ltr'><strong>suis</strong></span> <span class='ocrx_word' id='word_1_166' title='bbox 913 1547 1005 1571; x_wconf 91' lang='lat' dir='ltr'><strong>non</strong></span> <span class='ocrx_word' id='word_1_167' title='bbox 1035 1531 1303 1581; x_wconf 80' lang='lat' dir='ltr'><strong>collegerant,</strong></span> <span class='ocrx_word' id='word_1_168' title='bbox 1334 1533 1507 1574; x_wconf 77' lang='lat' dir='ltr'><strong>venien-</strong></span> 
     </span>
     <span class='ocr_line' id='line_1_20' title="bbox 92 1604 1505 1664; baseline 0 -14"><span class='ocrx_word' id='word_1_169' title='bbox 92 1621 152 1650; x_wconf 89' lang='lat' dir='ltr'><strong>tes</strong></span> <span class='ocrx_word' id='word_1_170' title='bbox 182 1619 279 1664; x_wconf 90' lang='lat' dir='ltr'><strong>post</strong></span> <span class='ocrx_word' id='word_1_171' title='bbox 307 1623 462 1655; x_wconf 86' lang='lat' dir='ltr'><strong>moras,</strong></span> <span class='ocrx_word' id='word_1_172' title='bbox 504 1607 690 1646; x_wconf 88' lang='lat' dir='ltr'><strong>clausum</strong></span> <span class='ocrx_word' id='word_1_173' title='bbox 735 1604 887 1646; x_wconf 89' lang='lat' dir='ltr'><strong>ostium</strong></span> <span class='ocrx_word' id='word_1_174' title='bbox 935 1605 1198 1648; x_wconf 80' lang='lat' dir='ltr'><strong>invenerunt.</strong></span> <span class='ocrx_word' id='word_1_175' title='bbox 1270 1608 1358 1649; x_wconf 87' lang='lat' dir='ltr'><strong>Nec</strong></span> <span class='ocrx_word' id='word_1_176' title='bbox 1391 1610 1505 1651; x_wconf 86' lang='lat' dir='ltr'><strong>enim</strong></span> 
     </span>
     <span class='ocr_line' id='line_1_21' title="bbox 90 1681 1505 1741; baseline 0.001 -16"><span class='ocrx_word' id='word_1_177' title='bbox 90 1696 289 1741; x_wconf 84' lang='lat' dir='ltr'><strong>poterant</strong></span> <span class='ocrx_word' id='word_1_178' title='bbox 316 1682 556 1738; x_wconf 81' lang='lat' dir='ltr'><strong>insipientes</strong></span> <span class='ocrx_word' id='word_1_179' title='bbox 587 1681 753 1721; x_wconf 80' lang='lat' dir='ltr'><strong>animae</strong></span> <span class='ocrx_word' id='word_1_180' title='bbox 781 1697 859 1736; x_wconf 89' lang='lat' dir='ltr'><strong>per</strong></span> <span class='ocrx_word' id='word_1_181' title='bbox 878 1681 1028 1723; x_wconf 82' lang='lat' dir='ltr'><strong>ostium</strong></span> <span class='ocrx_word' id='word_1_182' title='bbox 1062 1682 1239 1725; x_wconf 85' lang='lat' dir='ltr'><strong>introire</strong></span> <span class='ocrx_word' id='word_1_183' title='bbox 1258 1685 1505 1740; x_wconf 83' lang='lat' dir='ltr'><strong>sapientiae,</strong></span> 
     </span>
     <span class='ocr_line' id='line_1_22' title="bbox 93 1757 1506 1817; baseline 0.001 -15"><span class='ocrx_word' id='word_1_184' title='bbox 93 1773 133 1802; x_wconf 87' lang='lat' dir='ltr'><strong>et</strong></span> <span class='ocrx_word' id='word_1_185' title='bbox 162 1777 371 1802; x_wconf 83' lang='lat' dir='ltr'><strong>accessum</strong></span> <span class='ocrx_word' id='word_1_186' title='bbox 402 1759 560 1800; x_wconf 81' lang='lat' dir='ltr'><strong>habere</strong></span> <span class='ocrx_word' id='word_1_187' title='bbox 587 1757 691 1813; x_wconf 77' lang='lat' dir='ltr'><strong>in5)</strong></span> <span class='ocrx_word' id='word_1_188' title='bbox 732 1757 918 1808; x_wconf 83' lang='lat' dir='ltr'><strong>gratiam.</strong></span> <span class='ocrx_word' id='word_1_189' title='bbox 976 1757 1095 1799; x_wconf 88' lang='lat' dir='ltr'><strong>Bene</strong></span> <span class='ocrx_word' id='word_1_190' title='bbox 1132 1771 1271 1800; x_wconf 82' lang='lat' dir='ltr'><strong>autem</strong></span> <span class='ocrx_word' id='word_1_191' title='bbox 1319 1763 1506 1817; x_wconf 70' lang='lat' dir='ltr'><strong>Aposto-</strong></span> 
     </span>
     <span class='ocr_line' id='line_1_23' title="bbox 91 1833 1505 1890; baseline 0.001 -12"><span class='ocrx_word' id='word_1_192' title='bbox 91 1838 156 1878; x_wconf 90' lang='lat' dir='ltr'><strong>lus</strong></span> <span class='ocrx_word' id='word_1_193' title='bbox 202 1836 359 1877; x_wconf 86' lang='lat' dir='ltr'><strong>Paulus</strong></span> <span class='ocrx_word' id='word_1_194' title='bbox 402 1835 446 1876; x_wconf 86' lang='lat' dir='ltr'><strong>in</strong></span> <span class='ocrx_word' id='word_1_195' title='bbox 491 1835 618 1887; x_wconf 81' lang='lat' dir='ltr'><strong>gratia</strong></span> <span class='ocrx_word' id='word_1_196' title='bbox 657 1846 766 1875; x_wconf 82' lang='lat' dir='ltr'><strong>stare</strong></span> <span class='ocrx_word' id='word_1_197' title='bbox 808 1850 851 1874; x_wconf 85' lang='lat' dir='ltr'><strong>se</strong></span> <span class='ocrx_word' id='word_1_198' title='bbox 892 1833 1011 1883; x_wconf 87' lang='lat' dir='ltr'><strong>dicit,</strong></span> <span class='ocrx_word' id='word_1_199' title='bbox 1062 1835 1134 1890; x_wconf 86' lang='lat' dir='ltr'><strong>qui</strong></span> <span class='ocrx_word' id='word_1_200' title='bbox 1175 1847 1214 1877; x_wconf 89' lang='lat' dir='ltr'><strong>et</strong></span> <span class='ocrx_word' id='word_1_201' title='bbox 1252 1837 1353 1879; x_wconf 79' lang='lat' dir='ltr'><strong>alibi</strong></span> <span class='ocrx_word' id='word_1_202' title='bbox 1382 1838 1505 1880; x_wconf 72' lang='lat' dir='ltr'><strong>dixitz</strong></span> 
     </span>
     <span class='ocr_line' id='line_1_24' title="bbox 93 1911 1504 1967; baseline 0.002 -14"><span class='ocrx_word' id='word_1_203' title='bbox 93 1911 463 1966; x_wconf 75' lang='lat' dir='ltr'><strong>‚,abundantius⁶)</strong></span> <span class='ocrx_word' id='word_1_204' title='bbox 511 1923 649 1952; x_wconf 86' lang='lat' dir='ltr'><strong>autem</strong></span> <span class='ocrx_word' id='word_1_205' title='bbox 695 1928 822 1967; x_wconf 85' lang='lat' dir='ltr'><strong>quam</strong></span> <span class='ocrx_word' id='word_1_206' title='bbox 864 1927 1011 1952; x_wconf 84' lang='lat' dir='ltr'><strong>omnes</strong></span> <span class='ocrx_word' id='word_1_207' title='bbox 1049 1911 1109 1952; x_wconf 85' lang='lat' dir='ltr'><strong>illi</strong></span> <span class='ocrx_word' id='word_1_208' title='bbox 1152 1914 1367 1956; x_wconf 82' lang='lat' dir='ltr'><strong>laboravi:</strong></span> <span class='ocrx_word' id='word_1_209' title='bbox 1413 1932 1504 1956; x_wconf 86' lang='lat' dir='ltr'><strong>non</strong></span> 
     </span>
     <span class='ocr_line' id='line_1_25' title="bbox 94 1987 1506 2044; baseline 0.002 -15"><span class='ocrx_word' id='word_1_210' title='bbox 94 2000 233 2029; x_wconf 83' lang='lat' dir='ltr'><strong>autem</strong></span> <span class='ocrx_word' id='word_1_211' title='bbox 266 2004 367 2039; x_wconf 83' lang='lat' dir='ltr'><strong>ego,</strong></span> <span class='ocrx_word' id='word_1_212' title='bbox 410 1988 483 2029; x_wconf 81' lang='lat' dir='ltr'><strong>sed</strong></span> <span class='ocrx_word' id='word_1_213' title='bbox 526 1988 652 2037; x_wconf 78' lang='lat' dir='ltr'><strong>gratia</strong></span> <span class='ocrx_word' id='word_1_214' title='bbox 702 1987 785 2028; x_wconf 81' lang='lat' dir='ltr'><strong>Dei</strong></span> <span class='ocrx_word' id='word_1_215' title='bbox 828 1993 1037 2028; x_wconf 86' lang='lat' dir='ltr'><strong>mecum.“</strong></span> <span class='ocrx_word' id='word_1_216' title='bbox 1104 1989 1231 2030; x_wconf 90' lang='lat' dir='ltr'><strong>Unde</strong></span> <span class='ocrx_word' id='word_1_217' title='bbox 1259 1990 1292 2031; x_wconf 90' lang='lat' dir='ltr'><strong>si</strong></span> <span class='ocrx_word' id='word_1_218' title='bbox 1324 1991 1413 2044; x_wconf 88' lang='lat' dir='ltr'><strong>quis</strong></span> <span class='ocrx_word' id='word_1_219' title='bbox 1448 2002 1506 2032; x_wconf 84' lang='lat' dir='ltr'><strong>est</strong></span> 
     </span>
     <span class='ocr_line' id='line_1_26' title="bbox 94 2063 1506 2118; baseline 0.002 -14"><span class='ocrx_word' id='word_1_220' title='bbox 94 2064 211 2111; x_wconf 83' lang='lat' dir='ltr'><strong>alius,</strong></span> <span class='ocrx_word' id='word_1_221' title='bbox 242 2063 314 2117; x_wconf 85' lang='lat' dir='ltr'><strong>qui</strong></span> <span class='ocrx_word' id='word_1_222' title='bbox 344 2065 510 2103; x_wconf 86' lang='lat' dir='ltr'><strong>laboret</strong></span> <span class='ocrx_word' id='word_1_223' title='bbox 540 2063 846 2111; x_wconf 85' lang='lat' dir='ltr'><strong>abundantius,</strong></span> <span class='ocrx_word' id='word_1_224' title='bbox 887 2074 927 2102; x_wconf 90' lang='lat' dir='ltr'><strong>et</strong></span> <span class='ocrx_word' id='word_1_225' title='bbox 966 2063 1037 2118; x_wconf 88' lang='lat' dir='ltr'><strong>qui</strong></span> <span class='ocrx_word' id='word_1_226' title='bbox 1080 2065 1283 2115; x_wconf 81' lang='lat' dir='ltr'><strong>glorietur</strong></span> <span class='ocrx_word' id='word_1_227' title='bbox 1311 2066 1354 2106; x_wconf 88' lang='lat' dir='ltr'><strong>in</strong></span> <span class='ocrx_word' id='word_1_228' title='bbox 1385 2066 1506 2107; x_wconf 83' lang='lat' dir='ltr'><strong>infir-</strong></span> 
     </span>
     <span class='ocr_line' id='line_1_27' title="bbox 91 2137 1505 2195; baseline 0.002 -16"><span class='ocrx_word' id='word_1_229' title='bbox 91 2139 306 2180; x_wconf 80' lang='lat' dir='ltr'><strong>mitatibus</strong></span> <span class='ocrx_word' id='word_1_230' title='bbox 336 2138 492 2192; x_wconf 76' lang='lat' dir='ltr'><strong>suis,⁷)</strong></span> <span class='ocrx_word' id='word_1_231' title='bbox 531 2137 602 2193; x_wconf 89' lang='lat' dir='ltr'><strong>qui</strong></span> <span class='ocrx_word' id='word_1_232' title='bbox 642 2138 685 2178; x_wconf 89' lang='lat' dir='ltr'><strong>in</strong></span> <span class='ocrx_word' id='word_1_233' title='bbox 723 2138 920 2192; x_wconf 86' lang='lat' dir='ltr'><strong>periculis</strong></span> <span class='ocrx_word' id='word_1_234' title='bbox 959 2155 1083 2194; x_wconf 79' lang='lat' dir='ltr'><strong>saepe</strong></span> <span class='ocrx_word' id='word_1_235' title='bbox 1111 2150 1307 2189; x_wconf 79' lang='lat' dir='ltr'><strong>versetur,</strong></span> <span class='ocrx_word' id='word_1_236' title='bbox 1336 2141 1505 2195; x_wconf 90' lang='lat' dir='ltr'><strong>pericu-</strong></span> 
     </span>
    </p>
   </div>
   <div class='ocr_carea' id='block_1_3' title="bbox 91 2213 1505 2270">
    <p class='ocr_par' dir='ltr' id='par_1_3' title="bbox 91 2213 1505 2270">
     <span class='ocr_line' id='line_1_28' title="bbox 91 2213 1505 2270; baseline 0.001 -15"><span class='ocrx_word' id='word_1_237' title='bbox 91 2214 200 2270; x_wconf 80' lang='lat' dir='ltr'><strong>lis⁸)</strong></span> <span class='ocrx_word' id='word_1_238' title='bbox 239 2215 412 2266; x_wconf 73' lang='lat' dir='ltr'><strong>„max-is,</strong></span> <span class='ocrx_word' id='word_1_239' title='bbox 451 2214 647 2269; x_wconf 88' lang='lat' dir='ltr'><strong>periculis</strong></span> <span class='ocrx_word' id='word_1_240' title='bbox 663 2214 707 2269; x_wconf 79' lang='lat'><strong>9)</strong></span> <span class='ocrx_word' id='word_1_241' title='bbox 755 2213 1003 2264; x_wconf 86' lang='lat' dir='ltr'><strong>fluminum,</strong></span> <span class='ocrx_word' id='word_1_242' title='bbox 1043 2215 1239 2270; x_wconf 87' lang='lat' dir='ltr'><strong>periculis</strong></span> <span class='ocrx_word' id='word_1_243' title='bbox 1274 2216 1505 2267; x_wconf 82' lang='lat' dir='ltr'><strong>latronum,</strong></span> 
     </span>
    </p>
   </div>
   <div class='ocr_carea' id='block_1_4' title="bbox 98 2318 280 2325">
    <p class='ocr_par' dir='ltr' id='par_1_4' title="bbox 98 2318 280 2325">
     <span class='ocr_line' id='line_1_29' title="bbox 98 2318 280 2325; baseline 0 786"><span class='ocrx_word' id='word_1_244' title='bbox 98 2318 280 2325; x_wconf 95' lang='lat' dir='ltr'><strong> </strong></span> 
     </span>
    </p>
   </div>
   <div class='ocr_carea' id='block_1_5' title="bbox 281 2319 419 2324">
    <p class='ocr_par' dir='ltr' id='par_1_5' title="bbox 281 2319 419 2324">
     <span class='ocr_line' id='line_1_30' title="bbox 281 2319 419 2324; baseline 0 0"><span class='ocrx_word' id='word_1_245' title='bbox 281 2319 419 2324; x_wconf 95' lang='lat' dir='ltr'><strong> </strong></span> 
     </span>
    </p>
   </div>
   <div class='ocr_carea' id='block_1_6' title="bbox 206 2365 1457 2697">
    <p class='ocr_par' dir='ltr' id='par_1_6' title="bbox 212 2365 1171 2420">
     <span class='ocr_line' id='line_1_31' title="bbox 212 2365 1171 2420; baseline 0.004 -14"><span class='ocrx_word' id='word_1_246' title='bbox 212 2365 254 2420; x_wconf 85' lang='lat'><strong>¹)</strong></span> <span class='ocrx_word' id='word_1_247' title='bbox 285 2366 433 2407; x_wconf 83' lang='lat' dir='ltr'><strong>Matth.</strong></span> <span class='ocrx_word' id='word_1_248' title='bbox 463 2367 539 2416; x_wconf 89' lang='lat' dir='ltr'><strong>XI,</strong></span> <span class='ocrx_word' id='word_1_249' title='bbox 568 2368 634 2410; x_wconf 82' lang='lat'><strong>29.</strong></span> <span class='ocrx_word' id='word_1_250' title='bbox 751 2367 796 2420; x_wconf 72' lang='lat'><strong>²)</strong></span> <span class='ocrx_word' id='word_1_251' title='bbox 829 2367 952 2408; x_wconf 83' lang='lat' dir='ltr'><strong>Rom.</strong></span> <span class='ocrx_word' id='word_1_252' title='bbox 984 2368 1034 2417; x_wconf 91' lang='lat' dir='ltr'><strong>V,</strong></span> <span class='ocrx_word' id='word_1_253' title='bbox 1065 2371 1103 2412; x_wconf 85' lang='lat'><strong>1.</strong></span> <span class='ocrx_word' id='word_1_254' title='bbox 1133 2370 1171 2410; x_wconf 80' lang='grc'><strong>2.</strong></span> 
     </span>
    </p>

    <p class='ocr_par' dir='ltr' id='par_1_7' title="bbox 206 2435 1371 2491">
     <span class='ocr_line' id='line_1_32' title="bbox 206 2435 1371 2491; baseline 0.002 -15"><span class='ocrx_word' id='word_1_255' title='bbox 206 2435 252 2491; x_wconf 78' lang='lat'><strong>3)</strong></span> <span class='ocrx_word' id='word_1_256' title='bbox 284 2436 396 2478; x_wconf 86' lang='lat' dir='ltr'><strong>Edd.</strong></span> <span class='ocrx_word' id='word_1_257' title='bbox 427 2436 618 2477; x_wconf 80' lang='lat' dir='ltr'><strong>Merlini:</strong></span> <span class='ocrx_word' id='word_1_258' title='bbox 649 2435 699 2477; x_wconf 88' lang='lat' dir='ltr'><strong>ei.</strong></span> <span class='ocrx_word' id='word_1_259' title='bbox 816 2436 862 2491; x_wconf 76' lang='lat'><strong>4)</strong></span> <span class='ocrx_word' id='word_1_260' title='bbox 892 2437 1039 2477; x_wconf 80' lang='lat' dir='ltr'><strong>Matth.</strong></span> <span class='ocrx_word' id='word_1_261' title='bbox 1067 2437 1206 2486; x_wconf 86' lang='lat' dir='ltr'><strong>XXV,</strong></span> <span class='ocrx_word' id='word_1_262' title='bbox 1235 2437 1275 2479; x_wconf 85' lang='grc'><strong>8.</strong></span> <span class='ocrx_word' id='word_1_263' title='bbox 1307 2439 1371 2481; x_wconf 90' lang='grc'><strong>10.</strong></span> 
     </span>
    </p>

    <p class='ocr_par' dir='ltr' id='par_1_8' title="bbox 207 2505 1457 2628">
     <span class='ocr_line' id='line_1_33' title="bbox 209 2505 1457 2561; baseline 0 -15"><span class='ocrx_word' id='word_1_264' title='bbox 209 2505 254 2560; x_wconf 77' lang='grc'><strong>5)</strong></span> <span class='ocrx_word' id='word_1_265' title='bbox 284 2506 398 2547; x_wconf 85' lang='lat' dir='ltr'><strong>Alias</strong></span> <span class='ocrx_word' id='word_1_266' title='bbox 428 2507 486 2561; x_wconf 84' lang='lat' dir='ltr'><strong>(v.</strong></span> <span class='ocrx_word' id='word_1_267' title='bbox 518 2523 551 2546; x_wconf 91' lang='lat' dir='ltr'><strong>c.</strong></span> <span class='ocrx_word' id='word_1_268' title='bbox 580 2505 625 2546; x_wconf 84' lang='lat' dir='ltr'><strong>in</strong></span> <span class='ocrx_word' id='word_1_269' title='bbox 655 2506 752 2546; x_wconf 83' lang='lat' dir='ltr'><strong>edd.</strong></span> <span class='ocrx_word' id='word_1_270' title='bbox 781 2506 884 2561; x_wconf 81' lang='grc' dir='ltr'><strong>Μ.);</strong></span> <span class='ocrx_word' id='word_1_271' title='bbox 915 2507 983 2555; x_wconf 89' lang='lat' dir='ltr'><strong>„in</strong></span> <span class='ocrx_word' id='word_1_272' title='bbox 1013 2507 1187 2558; x_wconf 83' lang='lat' dir='ltr'><strong>gratiam</strong></span> <span class='ocrx_word' id='word_1_273' title='bbox 1218 2506 1378 2548; x_wconf 82' lang='lat' dir='ltr'><strong>istam.“</strong></span> <span class='ocrx_word' id='word_1_274' title='bbox 1408 2506 1457 2546; x_wconf 87' lang='lat' dir='ltr'><strong>R.</strong></span> 
     </span>
     <span class='ocr_line' id='line_1_34' title="bbox 207 2574 654 2628; baseline 0 -13"><span class='ocrx_word' id='word_1_275' title='bbox 207 2574 254 2628; x_wconf 77' lang='grc'><strong>6)</strong></span> <span class='ocrx_word' id='word_1_276' title='bbox 285 2575 303 2615; x_wconf 88' lang='grc' dir='ltr'>Ι</span> <span class='ocrx_word' id='word_1_277' title='bbox 335 2574 433 2617; x_wconf 85' lang='lat' dir='ltr'><strong>Cor.</strong></span> <span class='ocrx_word' id='word_1_278' title='bbox 463 2576 558 2625; x_wconf 81' lang='lat' dir='ltr'><strong>XV,</strong></span> <span class='ocrx_word' id='word_1_279' title='bbox 589 2577 654 2619; x_wconf 86' lang='lat'><strong>10.</strong></span> 
     </span>
    </p>

    <p class='ocr_par' dir='ltr' id='par_1_9' title="bbox 208 2642 1011 2697">
     <span class='ocr_line' id='line_1_35' title="bbox 208 2642 1011 2697; baseline 0.001 -14"><span class='ocrx_word' id='word_1_280' title='bbox 208 2642 254 2697; x_wconf 78' lang='lat'><strong>⁷)</strong></span> <span class='ocrx_word' id='word_1_281' title='bbox 283 2644 558 2686; x_wconf 84' lang='lat' dir='ltr'><strong>Desideratur</strong></span> <span class='ocrx_word' id='word_1_282' title='bbox 588 2644 720 2694; x_wconf 84' lang='lat' dir='ltr'><strong>„suis“</strong></span> <span class='ocrx_word' id='word_1_283' title='bbox 749 2644 793 2686; x_wconf 86' lang='lat' dir='ltr'><strong>in</strong></span> <span class='ocrx_word' id='word_1_284' title='bbox 827 2646 920 2686; x_wconf 86' lang='lat' dir='ltr'><strong>edd.</strong></span> <span class='ocrx_word' id='word_1_285' title='bbox 950 2645 1011 2685; x_wconf 83' lang='lat' dir='ltr'><strong>M.</strong></span> 
     </span>
    </p>
   </div>
   <div class='ocr_carea' id='block_1_7' title="bbox 207 2711 654 2766">
    <p class='ocr_par' dir='ltr' id='par_1_10' title="bbox 207 2711 654 2766">
     <span class='ocr_line' id='line_1_36' title="bbox 207 2711 654 2766; baseline 0.007 -16"><span class='ocrx_word' id='word_1_286' title='bbox 207 2711 254 2766; x_wconf 77' lang='lat'><strong>⁸)</strong></span> <span class='ocrx_word' id='word_1_287' title='bbox 283 2712 322 2751; x_wconf 80' lang='grc' dir='ltr'>Π</span> <span class='ocrx_word' id='word_1_288' title='bbox 354 2712 454 2755; x_wconf 76' lang='lat' dir='ltr'><strong>cor.</strong></span> <span class='ocrx_word' id='word_1_289' title='bbox 482 2714 558 2762; x_wconf 80' lang='lat' dir='ltr'><strong>xl,</strong></span> <span class='ocrx_word' id='word_1_290' title='bbox 587 2715 654 2756; x_wconf 77' lang='lat'><strong>26.</strong></span> 
     </span>
    </p>
   </div>
   <div class='ocr_carea' id='block_1_8' title="bbox 207 2781 1507 2837">
    <p class='ocr_par' dir='ltr' id='par_1_11' title="bbox 207 2781 1507 2837">
     <span class='ocr_line' id='line_1_37' title="bbox 207 2781 1507 2837; baseline 0.003 -17"><span class='ocrx_word' id='word_1_291' title='bbox 207 2782 251 2833; x_wconf 83' lang='lat'><strong>9)</strong></span> <span class='ocrx_word' id='word_1_292' title='bbox 283 2781 446 2822; x_wconf 83' lang='lat' dir='ltr'><strong>Verba:</strong></span> <span class='ocrx_word' id='word_1_293' title='bbox 502 2782 724 2836; x_wconf 86' lang='lat' dir='ltr'><strong>„periculis</strong></span> <span class='ocrx_word' id='word_1_294' title='bbox 762 2782 1033 2830; x_wconf 84' lang='lat' dir='ltr'><strong>fluminum,“</strong></span> <span class='ocrx_word' id='word_1_295' title='bbox 1082 2783 1215 2837; x_wconf 82' lang='lat' dir='ltr'><strong>(quae</strong></span> <span class='ocrx_word' id='word_1_296' title='bbox 1262 2783 1412 2824; x_wconf 82' lang='lat' dir='ltr'><strong>desunt</strong></span> <span class='ocrx_word' id='word_1_297' title='bbox 1458 2781 1507 2824; x_wconf 83' lang='lat' dir='ltr'><strong>in</strong></span> 
     </span>
    </p>
   </div>
   <div class='ocr_carea' id='block_1_9' title="bbox 92 2835 1504 2957">
    <p class='ocr_par' dir='ltr' id='par_1_12' title="bbox 92 2835 1504 2957">
     <span class='ocr_line' id='line_1_38' title="bbox 92 2835 1504 2891; baseline 0.001 -12"><span class='ocrx_word' id='word_1_298' title='bbox 92 2838 187 2879; x_wconf 85' lang='lat' dir='ltr'><strong>edd.</strong></span> <span class='ocrx_word' id='word_1_299' title='bbox 215 2835 316 2891; x_wconf 54' lang='lat' dir='ltr'><strong>M),</strong></span> <span class='ocrx_word' id='word_1_300' title='bbox 344 2839 560 2878; x_wconf 83' lang='lat' dir='ltr'><strong>adduntur</strong></span> <span class='ocrx_word' id='word_1_301' title='bbox 589 2840 641 2878; x_wconf 83' lang='lat' dir='ltr'><strong>ab</strong></span> <span class='ocrx_word' id='word_1_302' title='bbox 671 2855 759 2879; x_wconf 90' lang='lat' dir='ltr'><strong>uno</strong></span> <span class='ocrx_word' id='word_1_303' title='bbox 790 2839 893 2880; x_wconf 87' lang='lat' dir='ltr'><strong>Msc.</strong></span> <span class='ocrx_word' id='word_1_304' title='bbox 922 2837 1077 2890; x_wconf 83' lang='lat' dir='ltr'><strong>Regio,</strong></span> <span class='ocrx_word' id='word_1_305' title='bbox 1108 2848 1148 2879; x_wconf 90' lang='lat' dir='ltr'><strong>et</strong></span> <span class='ocrx_word' id='word_1_306' title='bbox 1177 2855 1200 2879; x_wconf 81' lang='lat' dir='ltr'><strong>a</strong></span> <span class='ocrx_word' id='word_1_307' title='bbox 1229 2836 1424 2880; x_wconf 82' lang='lat' dir='ltr'><strong>Rabano.</strong></span> <span class='ocrx_word' id='word_1_308' title='bbox 1453 2837 1504 2880; x_wconf 86' lang='lat' dir='ltr'><strong>R.</strong></span> 
     </span>
     <span class='ocr_line' id='line_1_39' title="bbox 93 2912 1172 2957; baseline 0.002 -2"><span class='ocrx_word' id='word_1_309' title='bbox 93 2913 313 2956; x_wconf 70' lang='lat' dir='ltr'><strong>Omessms</strong></span> <span class='ocrx_word' id='word_1_310' title='bbox 345 2912 513 2955; x_wconf 77' lang='lat' dir='ltr'><strong>OPERA.</strong></span> <span class='ocrx_word' id='word_1_311' title='bbox 553 2913 671 2956; x_wconf 80' lang='lat' dir='ltr'><strong>Tom.</strong></span> <span class='ocrx_word' id='word_1_312' title='bbox 701 2914 772 2955; x_wconf 85' lang='lat' dir='ltr'><strong>VI.</strong></span> <span class='ocrx_word' id='word_1_313' title='bbox 1117 2914 1172 2957; x_wconf 88' lang='grc'><strong>19</strong></span> 
     </span>
    </p>
   </div>
  </div>
 </body>
</html>
