1788 3111
209 116 295 161 284
548 111 771 155 OmGEms
798 123 847 154 m
874 110 955 152 Ep,
985 120 1046 152 An
1078 109 1303 152 ROMANos

211 242 298 280 tua,
330 239 370 270 et
400 228 453 270 de
483 226 615 268 domo
646 223 775 282 patris
804 223 892 274 tui,
941 234 982 264 et
1012 222 1107 264 veni
1135 222 1232 278 in')
1285 234 1462 271 terram,
1507 240 1634 280 quam

215 305 294 348 tibi
326 305 544 347 ostendam
560 307 596 343 :“
627 301 852 357 quomodo
885 311 924 341 et
953 299 999 350 is,
1029 299 1102 356 qui
1133 301 1187 341 de
1216 299 1377 341 semine
1404 300 1637 342 Abrahami

212 399 301 425 esse
336 398 382 423 ex
416 380 618 437 operibus
648 379 738 420 vult
766 376 912 427 videri,
941 376 1004 419 his
1028 377 1180 417 debeat
1198 376 1388 433 obsequi,
1417 393 1526 433 quae
1556 378 1637 418 uti-

211 476 296 516 que
323 469 422 501 sunt
448 474 539 499 non
568 467 748 512 propter
781 454 902 496 illum
942 465 1106 495 tantum
1136 454 1314 509 scripta,
1355 455 1429 496 sed
1463 465 1504 495 et
1532 471 1637 510 pro-

208 548 305 593 pter
336 552 420 584 cos,
445 532 519 590 qui
550 534 730 574 credunt
759 531 803 572 in
836 547 948 582 eum,
978 531 1050 587 qui
1079 531 1290 573 suscitavit
1335 530 1481 572 Jesum
1515 530 1640 572 Chri-

209 627 323 656 stum
340 612 387 668 ²)
419 610 661 653 Dominum
693 619 888 650 nostrum
920 625 942 650 a
964 607 1174 650 mortuis:
1205 619 1245 649 et
1288 625 1384 648 cum
1424 607 1530 648 haec
1557 607 1639 648 im-

209 690 410 748 pleverit,
441 688 664 745 quomodo
695 701 868 741 sperare
898 685 1021 726 etiam
1052 687 1181 735 illud,
1213 685 1331 741 quod
1361 683 1641 741 subjungitur-2

211 770 378 817 debeat,
406 766 450 808 id
483 776 561 807 est:
590 762 716 817 ‚‚et3)
746 762 904 803 faciam
929 775 969 804 te
993 763 1038 805 in
1062 774 1227 814 gentem
1252 778 1465 813 magnam,
1496 772 1535 801 ct
1563 761 1639 801 be-

210 845 412 887 nedicam
442 855 495 893 te,
527 852 566 883 et
594 839 881 891 magnificabo
923 856 1087 881 nomen
1115 851 1252 890 tuum,
1283 851 1322 880 et
1353 839 1432 880 eris
1462 837 1639 879 benedi-

163 973 167 976 Δ
213 934 315 963 ctus.
374 920 428 960 Et
456 917 710 960 benedicam
740 917 1038 958 benedicentes
1067 927 1120 966 te,
1152 928 1192 958 et
1221 915 1474 958 maledicam
1505 917 1638 956 malc-

209 998 394 1041 dicentes
423 1008 476 1046 te,
507 1007 545 1036 et
573 993 882 1036 benedicentur
919 993 964 1034 in
1003 1005 1044 1034 te
1089 1009 1237 1035 omnes
1276 993 1410 1034 tribus
1454 998 1638 1034 terrae:“

208 1087 250 1117 et
277 1075 431 1117 iterum
463 1090 559 1114 cum
593 1072 695 1113 dicit
731 1071 971 1126 Scriptura:
1016 1071 1146 1120 „abiit
1160 1069 1206 1126 ⁴)
1245 1083 1384 1112 autem
1418 1071 1634 1111 Abraham

206 1153 444 1195 seeundum
486 1166 558 1199 ea,
598 1164 708 1204 quae
746 1149 914 1188 locutus
952 1157 1011 1188 est
1047 1146 1085 1187 ei
1115 1147 1380 1189 Dominus:“
1409 1148 1634 1204 quomodo

207 1230 333 1271 etiam
364 1228 450 1268 hoe
478 1243 570 1267 non
609 1227 751 1267 solum
782 1235 962 1280 propter
999 1224 1243 1275 Abraham,
1280 1227 1355 1266 sed
1391 1236 1431 1266 et
1459 1237 1638 1281 propter

207 1324 288 1348 nos
318 1305 524 1360 scriptum
553 1303 770 1353 videatur,
815 1313 863 1342 ut
901 1302 1168 1343 ambulemus
1204 1302 1444 1343 secundum
1476 1302 1637 1353 omnia,

209 1401 319 1440 quae
351 1383 520 1423 locutus
551 1393 610 1422 est
643 1380 872 1422 Dominus.
933 1378 1019 1419 Sed
1051 1389 1090 1419 et
1120 1379 1173 1420 de
1201 1378 1330 1430 Isaac,
1359 1380 1424 1420 vel
1454 1381 1508 1422 de
1541 1397 1637 1421 cae-

205 1462 328 1511 teris,
371 1476 480 1516 quae
508 1457 701 1501 similiter
739 1456 1008 1506 scribuntur,
1049 1458 1274 1511 quomodo
1317 1455 1441 1498 etiam
1473 1457 1527 1498 ad
1554 1473 1636 1499 nos

203 1538 419 1596 pertinere
447 1537 681 1578 videantur.
738 1535 841 1576 Non
887 1545 945 1575 cst
983 1545 1124 1575 autem
1162 1535 1391 1590 praesentis
1428 1535 1634 1591 temporis

205 1614 350 1657 omnia
379 1630 459 1655 nos
491 1615 705 1655 adducere
735 1613 778 1654 in
810 1611 1025 1660 medium,
1063 1622 1102 1652 et
1129 1611 1292 1663 singula
1323 1628 1518 1668 quaeque
1548 1612 1632 1653 dis-

203 1704 359 1740 cutere,
390 1706 477 1746 quo
510 1691 664 1731 ordine
693 1689 818 1731 etiam
851 1689 894 1730 in
924 1689 1074 1738 nobis,
1112 1689 1184 1744 qui
1205 1689 1416 1732 credimus
1444 1690 1489 1731 in
1521 1706 1632 1740 eum,

205 1769 274 1812 cui
304 1767 483 1810 credidit
510 1766 754 1816 Abraham,
784 1783 894 1822 quae
924 1768 977 1807 (le
1006 1766 1251 1815 Abraham,
1281 1767 1345 1807 vel
1376 1767 1428 1807 de
1459 1767 1632 1809 caeteris

201 1846 354 1891 sanctis
382 1846 428 1887 in
460 1844 688 1899 scripturis
717 1843 864 1884 divinis
888 1843 1012 1893 dicta,
1042 1843 1104 1883 vel
1123 1845 1231 1883 facta
1252 1853 1362 1892 sunt,
1383 1843 1631 1899 complean-

201 1935 293 1965 tur:
323 1924 397 1964 sed
434 1919 480 1961 in
520 1932 726 1975 quantum
763 1919 993 1976 praesentis
1025 1919 1165 1976 operis
1203 1919 1422 1961 necessitas
1459 1919 1632 1975 patitur,

202 2000 446 2057 aperuimus
476 1998 602 2047 viam,
633 2015 715 2053 qua
746 1998 880 2047 latius,
911 1997 984 2052 qui
1009 1997 1055 2038 in
1087 1997 1317 2053 Scripturis
1343 1997 1526 2039 exerceri
1557 2000 1630 2039 de—

201 2078 371 2125 siderat,
400 2077 529 2132 possit
557 2075 767 2120 incedere.
840 2074 1055 2116 Hactenus
1102 2077 1155 2115 de
1195 2074 1361 2116 ratione
1400 2075 1500 2116 fidei
1531 2073 1631 2132 ejus,

202 2172 313 2213 quae
343 2157 396 2196 ad
436 2152 636 2211 justitiam
676 2163 869 2208 reputata
900 2163 978 2202 est,
1019 2164 1058 2193 et
1088 2152 1347 2194 diversarum
1375 2154 1516 2204 legum
1549 2154 1629 2193 ob-

202 2231 432 2281 servantia,
471 2247 520 2271 ac
562 2230 777 2285 praeputii
818 2229 1238 2285 circumcisionisque
1266 2230 1514 2280 diversitate,
1544 2230 1627 2271 dis—

200 2308 433 2368 putationis
468 2323 610 2350 sermo
649 2308 895 2350 cucurrerit.
954 2309 1080 2349 Nunc
1107 2307 1217 2366 jam,
1249 2308 1428 2364 qualiter
1457 2308 1523 2357 hi,
1553 2305 1624 2362 qui

320 2539 364 2596 ¹)
395 2538 603 2579 Merlinus
645 2537 742 2593 (cfr.
784 2540 848 2579 cd.
891 2538 951 2579 M.
995 2538 1070 2594 ΙΙ.)
1115 2551 1155 2580 et
1186 2537 1510 2579 Gcncbrardus:
1543 2539 1621 2586 „ad

200 2603 393 2642 terram.“
423 2596 550 2638 Male.
580 2595 630 2636 R.

293 2668 358 2768 R2)
390 2668 520 2708 Deest
549 2665 589 2706 h.
620 2665 746 2714 loco,
786 2665 859 2706 cfr.
892 2682 936 2722 p.
961 2665 1056 2710 278.
1087 2677 1173 2707 not.
1203 2667 1242 2708 2.
1282 2663 1551 2717 „Christuuffl
1578 2664 1622 2707 iu

199 2729 264 2770 cd.
334 2724 440 2767 uaci.

315 2796 363 2850 ³)
395 2794 546 2836 Genes.
576 2791 674 2842 XII,
702 2793 740 2834 2,
769 2794 809 2837 3.

315 2866 360 2923 ⁴)
394 2866 545 2910 Gcncs.
576 2865 672 2916 ΧΠ,
700 2865 738 2907 4.
