1788 3111
261 137 347 181 224
598 135 821 179 OmGEms
850 148 895 179 m
923 136 1002 179 ΕΡ.
1032 147 1092 180 An
1122 137 1348 182 RoMArzos

259 250 333 291 sed
362 248 407 290 in
437 248 530 305 ipso
560 249 714 294 factam
746 268 829 294 esse
858 263 1053 302 testatur,
1083 251 1248 293 dicens:
1286 251 1429 307 „quod
1448 249 1491 307 ¹)
1525 252 1687 293 factum

262 339 334 378 est,
363 327 409 368 in
437 327 530 383 ipso
563 328 643 369 vita
675 334 799 371 erat.“
867 329 924 370 Et
962 329 1167 385 quoniam
1208 329 1392 369 multum·
1421 340 1503 379 est,
1538 340 1586 370 ut
1621 345 1684 378 ea,

260 421 370 461 quae
398 422 514 446 nunc
545 406 724 462 exempli
756 423 879 448 causa
907 407 1177 462 protulimus,
1207 416 1684 462 exponantur,sensum

259 498 411 523 eorum
441 499 522 538 pro
555 495 681 540 captu
708 496 856 525 nostro
897 483 1082 524 breviter
1119 483 1378 534 colligamus.
1438 481 1547 524 Cum
1579 483 1683 524 dici-

256 570 327 601 tur
356 577 429 610 „ex
458 560 592 616 ipso,“
620 561 858 618 principale
896 561 1057 617 aliquid
1093 561 1217 618 hujus
1260 559 1586 617 praepositionis
1614 559 1682 600 in-

258 637 370 679 dicio
401 638 567 680 videtur
598 638 774 680 ostendi.
837 638 946 680 Cum
987 628 1087 680 vero
1130 638 1292 694 „per²)
1321 639 1486 694 ipsum“
1517 635 1682 687 dicitur,

254 716 466 771 sequentis
505 732 674 766 causae,
710 716 756 757 id
787 727 867 767 est,
906 715 1013 773 ejus,
1038 716 1218 772 ,quae3)
1262 727 1359 772 post
1397 714 1681 771 principalem

259 791 361 849 ejus,
389 793 660 846 intelligentia
703 793 956 845 designatur.
1029 794 1088 835 Ut
1117 793 1235 835 verbi
1265 810 1385 835 causa
1403 791 1447 848 4>
1477 791 1684 840 dicamus,

257 872 377 927 quod
440 870 514 911 ait:
555 887 628 920 „ex
646 868 689 926 ⁵)
738 870 856 926 ipso,
897 882 942 912 -et
982 888 1060 928 per
1099 871 1263 926 ipsum,
1294 883 1334 912 et
1369 870 1413 912 in
1452 870 1545 926 ipso
1585 879 1684 911 sunt

257 948 453 989 omnia:“
469 965 542 997 „ex
568 948 702 1003 ipso,“
727 949 891 1004 primae
908 948 954 1002 ⁶)
987 949 1210 990 creationis
1233 949 1440 998 omnium,
1464 960 1503 989 et
1520 946 1564 1002 ⁷)
1594 947 1680 988 hoc

251 1025 407 1082 ipsum,
439 1026 557 1081 quod
581 1042 689 1081 quae
715 1038 824 1075 sunt,
850 1042 895 1066 ex
924 1025 1020 1067 Deo
1054 1043 1140 1068 esse
1168 1037 1416 1082 coeperunt,
1443 1024 1683 1078 significan-

254 1102 354 1143 tiam
388 1102 521 1144 dedit:
561 1120 665 1159 „per
703 1103 881 1159 ipsum,“
918 1105 1037 1159 quod
1069 1120 1137 1154 ea,
1167 1121 1276 1160 quae
1303 1102 1420 1160 prius
1448 1105 1557 1144 sacta
1586 1102 1680 1142 sue-

251 1191 361 1230 rant,
393 1191 597 1232 reguntur
627 1192 665 1221 et
696 1180 990 1236 dispensantur
1017 1198 1096 1236 per
1123 1198 1233 1231 eum,
1264 1198 1286 1223 a
1315 1197 1400 1236 quo
1425 1177 1693 1236 subsistendi¹

251 1254 418 1298 initium
459 1256 656 1310 trahunt:
701 1257 770 1307 „in
809 1258 945 1313 ips0,“
975 1259 1094 1313 quod
1125 1258 1181 1307 hi,
1212 1258 1284 1313 qui
1313 1257 1399 1314 jam
1430 1255 1610 1298 correcti
1639 1266 1679 1296 et

253 1333 468 1375 emendati
497 1345 607 1384 sunt,
638 1334 684 1375 in
712 1334 840 1390 ipsius
871 1336 1134 1391 perfectione
1172 1335 1415 1378 consistunt.
1473 1334 1545 1376 Sic
1576 1331 1674 1385 ergo

250 1411 357 1452 haec
405 1409 734 1466 plenissimaess)
779 1412 955 1454 rationis
1002 1424 1147 1454 tenere
1185 1412 1444 1453 differentias
1490 1411 1698 1464 edocen-v

251 1488 393 1544 tur,⁹)
433 1501 499 1539 ut,
537 1490 656 1544 quod
694 1489 978 1540 subsistimus,
1022 1505 1082 1531 ex
1123 1489 1223 1532 Deo
1264 1491 1423 1532 habere
1460 1487 1675 1530 dicamur:

251 1568 371 1623 quod
403 1567 697 1622 dispensamur
727 1578 766 1608 ct
794 1568 992 1618 regimur,
1019 1583 1104 1622 per
1137 1569 1283 1623 ipsum
1301 1567 1391 1609 fieri
1413 1565 1672 1617 designetur:

248 1647 370 1700 quod
407 1660 508 1685 vero
548 1645 593 1685 in
631 1661 796 1685 summa
835 1644 1107 1700 perfectionis
1147 1646 1433 1695 consistimus,
1477 1645 1526 1684 z'n
1565 1645 1670 1698 ipso

249 1721 335 1763 esse
366 1722 615 1762 declaretur.
673 1721 817 1762 Potest
848 1733 887 1762 et
915 1723 960 1763 in
990 1723 1200 1778 praesenti
1229 1723 1329 1764 loco
1349 1722 1440 1764 talis
1461 1723 1671 1777 quaedam

249 1798 465 1840 observari
508 1793 770 1848 differentia,
811 1809 857 1839 ut
897 1798 1187 1849 circumcisio,
1230 1816 1338 1855 quac
1377 1801 1489 1841 velut
1526 1799 1669 1854 primo

248 1879 350 1919 loco
383 1888 423 1918 et
453 1876 605 1917 ordine
634 1873 903 1933 justificatur,
933 1878 1116 1928 exrfide,
1146 1888 1185 1919 et
1217 1894 1306 1919 non
1337 1894 1415 1934 per
1442 1880 1571 1921 fidem
1603 1877 1669 1935 ju-

365 2037 410 2093 l)
438 2037 514 2079 Ev.
544 2037 700 2079 Joann.
732 2037 764 2087 J,
791 2038 830 2081 3.
859 2038 901 2080 4.

363 2107 410 2163 ²)
441 2109 555 2150 Edd.
585 2107 780 2149 Merlini:
810 2125 888 2162 per
915 2108 1050 2150 illum.
1083 2134 1133 2141 —
1163 2108 1250 2151 Cfr.
1279 2109 1408 2151 Rom.
1438 2109 1515 2159 XI,
1541 2111 1610 2154 36.

361 2178 409 2235 ³)
443 2178 551 2219 Cod.
592 2178 885 2229 Ebroicensis,
924 2191 962 2220 et
998 2179 1204 2221 Mei-linus
1245 2179 1440 2236 (secund.
1485 2182 1550 2222 ed.
1591 2181 1666 2236 I.):

247 2251 383 2291 „quae
412 2245 509 2291 post
525 2236 763 2291 principale
792 2249 864 2286 est,
893 2236 1192 2287 intelligentiae
1209 2238 1491 2288 designatur;“
1524 2237 1665 2279 Gene-

241 2294 423 2333 brardus
444 2308 567 2332 vero:
597 2309 731 2348 „quae
750 2305 847 2348 post
875 2293 1111 2348 principale
1128 2294 1412 2346 intelligentia,
1442 2294 1666 2344 designat.“

241 2348 412 2390 Rectius
443 2347 513 2388 alii
542 2347 639 2391 Mss.
669 2350 816 2400 nostri,
844 2363 890 2390 ut
920 2350 962 2390 in
993 2361 1140 2391 nostro
1169 2362 1292 2391 textu.
1332 2352 1381 2392 R.
1411 2379 1466 2387 -—
1493 2351 1572 2390 Ed.
1604 2350 1664 2390 M.

241 2404 302 2445 II:
332 2420 468 2460 „quae
498 2416 594 2459 post
622 2406 859 2462 principale
889 2419 960 2456 est,
986 2406 1260 2458 intelligentia
1297 2408 1572 2459 designatur.“

361 2473 406 2530 ⁴²)
435 2474 546 2515 Edd.
579 2475 770 2517 Mei-lini:
804 2477 946 2527 gratia.
1065 2477 1110 2532 ⁵)
1142 2477 1268 2520 Rom.
1297 2478 1372 2528 ΧῘ,
1399 2479 1466 2521 36.

357 2544 404 2600 ⁶)
434 2544 514 2585 Ed.
543 2543 603 2584 M.
634 2546 672 2585 I:
702 2546 855 2601 primo.

361 2614 405 2671 ⁷)
435 2615 515 2656 Ed.
546 2614 605 2657 M.
637 2615 690 2664 ΙΙ,
716 2616 750 2656 si
798 2631 917 2672 quae
949 2615 1163 2673 adjeceris,
1193 2617 1440 2660 rectissime:
1476 2629 1514 2658 ct
1544 2619 1663 2674 quod

244 2672 328 2713 hoc
356 2671 496 2728 ipsum
529 2674 646 2727 quod
678 2684 788 2721 sunt,
818 2689 862 2712 ex
897 2685 971 2713 etc.

357 2741 404 2797 ⁸)
434 2743 514 2783 Ed.
546 2742 606 2784 M.
643 2743 680 2783 I:
710 2743 963 2798 plenissime.

360 2813 406 2867 ⁹)
437 2813 508 2854 Sic
536 2812 724 2868 potiores
755 2812 852 2855 Mss.
883 2814 1040 2866 nostri,
1084 2826 1122 2857 ct
1159 2815 1371 2861 Rabanus.
1400 2816 1512 2861 Alias
1543 2818 1602 2874 (v.
1627 2834 1660 2858 c.

244 2869 287 2911 in
319 2870 412 2912 edd.
443 2868 550 2926 Μ.;)
580 2871 877 2922 ‚‚edocemur.“
907 2870 957 2912 R.

1783 2607 1788 2735 ε

1780 2741 1788 3111 g
