1788 3111
201 78 289 122 378
543 75 764 117 OmGENis
794 87 842 117 IN
870 74 947 116 ΕΡ.
977 85 1036 117 AD
1073 74 1298 120 ROMANos

199 191 236 233 si
266 191 346 232 vita
380 202 550 231 aeterna
584 201 660 239 est,
704 205 822 230 mors
865 205 970 231 essse
1011 206 1103 230 non
1132 191 1266 246 possit
1295 201 1488 234 aeterna:
1519 194 1636 234 unde

202 280 245 310 et
273 267 554 309 necessarium
587 268 734 307 locum
765 278 878 307 tenet
905 267 1158 309 resurrectio
1188 278 1474 310 mortuorum.
1523 268 1635 311 Cum

201 348 317 389 enim
348 362 464 388 mors
496 344 687 392 animae,
728 360 837 398 quae
879 355 937 385 est
975 343 1228 387 novissimus
1258 345 1479 397 inimicus,
1508 346 1637 388 fuerit

200 428 438 473 destructa,
482 422 605 463 etiam
639 421 744 461 haee
777 422 1017 463 communis
1047 439 1184 472 mors,
1223 439 1350 478 quam
1381 422 1495 465 illius
1521 423 1636 464 velut

199 504 402 545 umbram
437 516 521 542 esse
553 499 747 546 diximus,
776 498 1012 539 necessario
1044 499 1309 552 abolebitur3
1338 511 1378 542 et
1394 511 1496 542 tunc
1527 515 1631 541 con-

196 591 425 635 sequenter
454 576 759 618 resurrectioni
791 586 1064 616 mortuorum
1097 574 1269 616 dabitur
1297 578 1432 627 locus,
1460 576 1537 618 ubi
1566 593 1633 618 re-

197 673 330 710 gnum
362 654 510 697 mortis
539 654 698 710 pariter
729 670 823 694 cum
856 663 997 693 morte
1027 654 1288 694 destructum
1322 653 1473 710 erit.¹)
1545 653 1632 695 Sed

196 751 279 775 nos
309 750 400 774 non
431 743 739 786 exspectemus,
771 732 946 786 quando
964 729 1011 784 ²)
1052 730 1127 771 iste
1157 731 1407 774 novissimus
1434 730 1632 773 inimicus

198 812 451 859 destruatur,
497 808 629 864 qui3)
661 809 793 850 semel
824 807 1054 848 illuminati
1083 825 1254 859 sumus,
1300 820 1339 850 et
1379 808 1631 860 gustavimus

199 892 365 932 donum
400 888 593 935 coeleste,
625 902 672 926 ac
703 884 930 940 participes
961 885 1060 926 sacti
1091 902 1235 927 sumus
1275 885 1456 941 Spiritus
1485 884 1632 934 sancti,

197 979 237 1009 et
266 969 432 1007 bonum
470 963 722 1017 gustavimus
752 962 836 1003 Dei
874 963 1076 1011 verbum,
1123 963 1294 1005 virtutes
1335 979 1509 1019 quoque
1538 979 1630 1004 sae-

197 1046 282 1087 culi
312 1042 498 1093 venturi3
525 1042 598 1082 sed
629 1055 955 1095 permaneamus
974 1039 1018 1080 in
1038 1040 1190 1090 gratia:
1220 1057 1300 1081 nec
1327 1051 1629 1095 exspectemus,

194 1135 242 1165 ut
280 1122 433 1162 iterum
484 1129 581 1174 post
631 1118 798 1172 lapsum
838 1132 1096 1163 renovemur
1112 1115 1159 1170 4)
1212 1118 1266 1157 ad
1306 1117 1629 1173 poenitentiam,

193 1217 363 1243 rursum
388 1196 676 1246 crucifigentes
697 1193 741 1234 in
758 1192 802 1248 ⁵)
831 1193 957 1234 nobis
988 1193 1087 1249 ipsis
1113 1193 1273 1234 Filium
1299 1193 1397 1244 Dei,
1428 1206 1468 1235 et
1487 1206 1628 1236 osten-

193 1278 256 1319 tui
285 1277 509 1323 habentes,
553 1272 626 1313 sed
670 1287 846 1322 regnum
886 1270 1072 1327 justitiae
1106 1271 1150 1312 in
1191 1270 1318 1313 nobis
1346 1273 1419 1312 fiat
1448 1286 1625 1323 regnum

194 1366 436 1397 aeternum:
474 1365 553 1390 nec
572 1349 619 1404 ⁶)
658 1349 813 1390 iterum
859 1347 1155 1399 confugiamus
1206 1348 1252 1390 in
1291 1364 1468 1400 regnum
1508 1365 1626 1390 mor-

192 1434 255 1480 tis,
286 1448 333 1472 ex
364 1445 450 1485 quo
484 1426 649 1468 liberati
681 1428 733 1467 ad
766 1442 943 1478 regnum
974 1425 1082 1466 vitae
1120 1437 1314 1467 aeternae
1342 1425 1626 1482 pervenimus,

192 1523 240 1551 ut
270 1505 460 1562 gratiffl)
480 1522 559 1560 per
579 1503 776 1559 justitiam
796 1515 940 1555 regnet
964 1503 1009 1544 in
1040 1503 1166 1546 nobis
1194 1503 1301 1559 ing)
1330 1503 1458 1545 vitam
1489 1515 1623 1546 aeter-

192 1605 294 1629 nam
342 1602 421 1640 per
461 1584 607 1624 Jesum
658 1581 875 1623 Christum
919 1581 1162 1622 Dominum
1211 1583 1420 1623 nostrum.
1488 1580 1623 1635 Quod

194 1681 293 1717 ergo
338 1663 463 1704 dixit:
505 1659 752 1714 „mortui⁹)
796 1676 940 1700 sumus
986 1664 1215 1715 peccato:“
1255 1659 1341 1701 hoc
1383 1670 1465 1709 est,
1503 1659 1623 1714 quod

192 1830 251 1884 (e.
283 1843 316 1866 c.
348 1825 442 1864 edd.
473 1821 582 1874 M.):
624 1821 749 1876 „quia
789 1820 847 1862 sic
888 1821 995 1861 vitae
1029 1832 1223 1862 aeternae
1259 1837 1376 1862 mors
1413 1836 1500 1861 esse
1528 1837 1620 1861 non

191 1883 324 1940 possit
356 1884 562 1922 aeterna.“
623 1877 789 1918 Caeteri
820 1876 934 1926 Mss„
965 1877 1087 1918 alius:
1123 1877 1250 1932 „quia
1282 1877 1316 1918 si
1346 1877 1454 1918 vitae
1485 1887 1620 1917 aeter-

190 1957 271 1981 nae
303 1951 361 1981 est
392 1953 509 1977 mors
549 1934 783 1983 contraria,
818 1950 902 1976 esse
940 1951 1030 1974 non
1061 1934 1193 1989 possit
1224 1939 1444 1983 aeterna,“
1491 1933 1619 1974 alius:

190 1997 315 2052 „quia
360 1994 393 2036 si
433 1992 541 2033 vitae
580 2003 777 2032 aeternae
816 2007 932 2032 mors
972 2006 1059 2031 esse
1093 2007 1185 2031 non
1223 1990 1357 2046 possit
1393 1989 1621 2040 contraria,

190 2071 307 2095 mors
354 2067 440 2092 esse
469 2065 559 2090 non
590 2047 722 2104 possit
752 2053 959 2088 aeterna.“
989 2047 1117 2088 Male.
1148 2046 1198 2088 R.

309 2122 353 2178 ¹)
383 2122 492 2162 Edd.
528 2118 724 2159 Merlini:
759 2119 1018 2159 destructum
1052 2129 1120 2159 est.

305 2193 351 2246 2)
381 2191 492 2232 Edd.
523 2188 720 2230 Mei-lini:
752 2190 925 2243 quando
957 2187 1033 2228 iste
1049 2187 1244 2229 inimicus
1268 2189 1508 2229 destruatur
1536 2203 1616 2228 no—

191 2251 390 2293 vissimus.
423 2272 475 2278 —-
509 2246 597 2286 Csr.
628 2245 645 2284 I
680 2245 781 2286 Cor.
812 2245 908 2294 XV,
936 2244 1004 2287 26.

306 2319 351 2374 ³)
385 2317 470 2359 Cfr.
502 2315 634 2356 Hebr.
664 2315 738 2364 Vl,
767 2315 806 2356 4.
837 2316 876 2357 5.
998 2313 1043 2369 4)
1076 2313 1162 2356 Cfr.
1195 2314 1326 2354 Hebr.
1358 2313 1430 2364 VI,
1461 2313 1502 2358 6.

307 2389 352 2444 ⁵)
382 2388 514 2428 Deest
543 2387 640 2436 ,‚in“
670 2386 712 2426 in
747 2387 812 2427 ed.
842 2385 991 2426 Ruaei.

305 2458 350 2515 ὅ)
382 2458 497 2499 Editi
535 2456 596 2511 (v.
637 2473 669 2496 c.
711 2456 774 2497 ed.
816 2455 876 2496 M.
914 2455 991 2511 I.):
1036 2453 1160 2504 „Hoc
1198 2454 1366 2495 interim
1405 2452 1614 2505 fugiamus

188 2532 366 2568 regnum
398 2513 584 2554 1110rtis,“
614 2511 661 2553 R.
685 2537 735 2543 -κ
758 2512 837 2553 Ed.
869 2512 928 2556 Μ,
959 2512 1018 2552 ll:
1050 2510 1150 2553 Hoc
1181 2522 1240 2552 cst
1278 2510 1448 2552 interim
1478 2509 1610 2562 fugia-

188 2592 281 2615 mus
311 2588 485 2623 regnum
518 2569 678 2610 mortis.

303 2642 348 2695 ⁷)
382 2641 505 2680 Rom.
542 2637 588 2688 V,
616 2639 682 2681 21,

304 2711 350 2762 Β)
383 2711 490 2750 Edd.
534 2709 593 2750 Μ.
635 2721 672 2749 et
713 2708 760 2748 R.
804 2709 887 2749 hoc
920 2708 1043 2756 loco,
1085 2709 1158 2747 csr.
1189 2721 1284 2763 pag.
1314 2708 1409 2753 368.
1441 2707 1511 2750 lin.
1545 2708 1609 2750 17.

192 2771 286 2811 coll.
322 2783 414 2823 pag.
443 2766 537 2808 372.
569 2778 656 2806 not.
675 2765 713 2807 4.
743 2765 816 2815 „iu
847 2764 926 2806 vita
960 2768 1170 2806 act.erna.“

307 2838 351 2885 ¹³)
390 2840 511 2878 Rom.
545 2836 614 2884 Vl,
644 2837 682 2876 2.
