1788 3111
228 120 311 162 354
568 116 790 157 Omenms
820 126 866 156 m
896 114 975 156 Ep,
1005 124 1065 155 An
1096 112 1321 156 Rommos

231 233 407 281 tionem,
440 246 569 286 quam
598 226 983 282 regenerationem,
1013 226 1261 283 appellavit,
1307 243 1386 283 per
1417 244 1546 284 quarn
1575 228 1665 270 sine

233 306 367 351 dubio
399 307 549 349 vitium
577 307 742 363 primae
770 304 996 346 nativitatis
1021 305 1236 346 aboleret:
1269 315 1312 345 et
1329 304 1372 360 ¹)
1402 304 1510 346 sicut
1538 322 1665 359 gene-

232 386 389 429 rationi
416 385 634 427 substituit
663 383 1048 437 regenerationem,
1092 384 1149 426 ita
1190 396 1231 425 et
1260 383 1481 425 doctrinae
1510 382 1666 424 substi-

232 464 313 506 tuit
344 463 471 505 aliam
502 462 754 505 doctrinam.
813 461 990 503 R'littens
1021 462 1178 503 etenim
1209 463 1264 504 ad
1294 461 1378 502 hoc
1401 477 1509 515 opus
1540 458 1664 501 disci-

231 542 358 598 pulos
390 558 502 589 suos,
530 557 621 581 non
654 539 757 580 dixit
785 550 975 580 tantum:
1015 539 1091 590 ite,
1131 538 1344 595 baptizate
1385 554 1533 579 omnes
1564 554 1666 591 gen-

233 632 317 672 tes;
349 620 423 660 sed
455 618 532 659 ait:
564 617 722 673 ‚,ite,²)
756 617 909 658 docete
942 633 1089 658 omnes
1120 628 1274 670 gentes,
1305 615 1567 672 baptizantes
1594 632 1668 656 eos

186 728 189 733 .
232 697 277 738 in
307 696 483 737 nomine
512 694 671 745 Patris,
712 706 752 736 et
781 693 903 745 Filii,
946 705 987 735 et
1016 693 1198 750 Spiritus
1229 693 1402 736 sancti.“
1460 692 1668 748 Sciens³)

233 774 360 828 igitur
389 785 622 828 utrumque
652 789 739 813 esse
769 772 812 812 in
831 772 968 827 culpa,
999 772 1172 828 utrique
1189 770 1235 828 ⁴)
1264 769 1503 813 remedium
1536 768 1667 819 dedit,

235 864 284 893 ut
322 850 536 905 generatio
576 849 768 891 mortalis
807 849 1127 902 regeneratione
1172 848 1372 905 baptismi
1417 860 1667 897 mutaretur,

235 930 337 984 ct⁵)
389 927 616 984 impietatis
667 925 907 968 doctrinam
958 925 1152 966 doctrina
1200 925 1367 982 pietatis
1412 926 1667 967 excluderet.

234 1008 336 1048 Non
352 1006 399 1061 ὅ)
431 1022 529 1059 ergo
560 1004 668 1046 nihil
697 1004 972 1061 peccantibus
1001 1003 1128 1044 nobis
1158 1020 1274 1045 mors
1305 1003 1493 1057 regnavit
1510 1003 1555 1044 in
1584 1020 1666 1044 no—

234 1084 323 1125 bis:
364 1083 679 1125 sicutwursum
716 1099 807 1123 non
850 1081 995 1122 otiosis
1033 1080 1160 1123 nobis
1206 1093 1248 1123 et
1295 1083 1404 1123 nihil
1447 1080 1667 1135 agentibus

233 1161 314 1202 vita
355 1159 549 1213 regnabit
584 1159 630 1200 in
667 1159 829 1201 nobis.¹
865 1160 951 1201 Sed
989 1157 1159 1199 initium
1201 1159 1376 1215 quidem
1404 1158 1513 1200 vitae
1543 1159 1669 1199 datur

234 1256 258 1280 a
292 1237 477 1287 Christo,
512 1253 603 1278 non
632 1236 791 1286 invitis,
822 1237 897 1277 sed
929 1235 1221 1288 credentibus,
1269 1248 1310 1278 et
1338 1235 1586 1292 pervenitur
1613 1236 1667 1276 ad

233 1314 543 1372 perfectionem
564 1312 672 1355 vitae
691 1311 1191 1369 perfectionc'vinutum,
1217 1313 1326 1356 sicut
1357 1325 1398 1356 et
1415 1314 1461 1370 ⁷)
1478 1313 1524 1354 in
1547 1329 1666 1354 mor-

233 1405 321 1435 tem
354 1393 520 1433 dudum
557 1390 929 1448 praevaricationis
968 1390 1247 1433 similitudine
1284 1403 1325 1433 et
1354 1391 1554 1433 vitiorum
1597 1407 1666 1432 ex-

232 1469 424 1527 pletione
462 1482 716 1525 perventum
756 1481 825 1510 est.
901 1469 959 1510 Et
1003 1468 1193 1525 quamvis
1233 1479 1438 1525 tanquam
1476 1469 1666 1525 prudens

234 1547 503 1604 dispensator
539 1546 658 1587 verbi
687 1545 772 1587 Dei
815 1547 1049 1603 Apostolus
1078 1547 1239 1589 Paulus
1284 1547 1451 1588 occulta
1494 1547 1597 1587 haec
1622 1545 1668 1586 in

232 1625 365 1667 literis
394 1625 478 1667 suis
510 1641 598 1665 esse
626 1624 833 1675 voluerit,
873 1636 914 1665 ct
954 1626 1143 1674 obtecta,
1182 1623 1358 1667 inseruit
1386 1636 1551 1674 tamen,
1587 1640 1667 1665 nec

233 1702 350 1744 siluit.
378 1702 424 1742 in
455 1718 528 1751 eo,
568 1701 644 1742 uhi
682 1700 808 1742 dicit:
846 1703 1010 1755 ‚‚sed’³)
1052 1702 1237 1756 regnavit
1280 1719 1398 1743 mors
1439 1703 1493 1742 ab
1528 1702 1666 1743 Adam

232 1848 446 1908 pellavit.“
503 1849 594 1891 NIss
626 1846 823 1903 quidam:
855 1849 1002 1903 „quod
1034 1865 1122 1889 non
1165 1860 1250 1889 tam
1292 1848 1531 1902 regenerari
1561 1847 1664 1905 (ge-

235 1902 469 1960 uerat-123³),
511 1922 640 1961 quam
670 1905 908 1957 regenerari
938 1904 1208 1961 appellavit.“
1237 1906 1289 1946 R.

358 1975 401 2030 ¹)
429 1975 567 2017 Editi:
599 1987 669 2025 „et
698 1974 806 2016 sicut
835 1975 1152 2027 generationem
1183 1975 1411 2025 substituit,
1440 1976 1497 2016 ita
1517 1987 1557 2016 et
1585 1976 1663 2016 do-

237 2033 422 2075 ctrinae“
455 2044 530 2073 etc.
563 2033 629 2074 Al.
662 2035 722 2088 (v.
765 2049 797 2072 c.
839 2031 883 2072 in
923 2033 988 2072 ed.
1027 2033 1091 2074 M.
1130 2032 1212 2089 I.):
1256 2044 1325 2083 „ct
1353 2032 1462 2074 sicut
1490 2049 1663 2086 genera-

236 2090 344 2134 tioni
374 2088 601 2140 substituit,
633 2089 691 2130 ita
721 2101 762 2129 et
793 2088 1038 2130 doctrinae“
1069 2101 1146 2130 etc.
1176 2089 1228 2130 R.

352 2161 397 2213 ²)
428 2159 582 2202 thtth.
612 2159 818 2209 XXVIII,
851 2160 917 2203 19.

353 2230 399 2284 ³)
430 2230 543 2272 Edd.
574 2230 770 2272 Merlini:
804 2230 949 2273 Sciens
981 2247 1080 2283 ergo
1112 2241 1343 2286 utrumque
1375 2241 1453 2271 etc.

353 2300 399 2354 ¹²)
436 2300 548 2341 Alias
589 2302 649 2357 (e.
691 2318 725 2342 c.
764 2300 809 2342 in
851 2301 946 2342 edd.
986 2300 1094 2355 M.)2
1131 2312 1390 2356 „utrumque
1428 2299 1664 2340 remedium

236 2356 354 2399 dedit
370 2364 393 2381 ‘⁴
423 2358 474 2398 R.

354 2427 399 2478 ⁵)
431 2426 545 2468 Alias
575 2427 634 2482 (v.
665 2444 697 2469 c.
729 2426 773 2468 in
806 2428 900 2468 edd.
931 2427 1041 2482 M.):
1077 2438 1146 2477 „et
1175 2426 1436 2483 impietatem
1468 2427 1662 2469 doctrina

235 2483 400 2540 pietatis
432 2484 713 2524 excluderet.“
769 2484 899 2525 Male.
930 2485 981 2526 R.

353 2553 400 2608 ⁶)
434 2553 737 2594 Genebrardus
767 2553 935 2610 (itemq.
968 2555 1109 2596 ele‘L
1129 2553 1227 2607 II.):
1259 2552 1409 2602 „Tunc
1430 2559 1558 2607 ergo“
1588 2567 1664 2598 cte.

238 2610 493 2652 Salodianus
526 2621 566 2650 ct
582 2609 791 2651 'Merlinus
825 2611 914 2666 (cd.
935 2611 995 2652 M.
1017 2610 1094 2666 I.):
1126 2610 1278 2659 „Nunc
1310 2616 1436 2663 ergo“
1469 2622 1544 2653 etc.
1577 2613 1662 2653 Sed

238 2668 338 2709 Mss.
351 2667 484 2708 nostri
507 2684 674 2708 omnes:
697 2668 824 2716 „Non
839 2684 965 2720 ergO„
986 2679 1062 2709 etc.
1080 2668 1131 2708 R.
1154 2692 1205 2698 —
1229 2666 1316 2708 Cfr.
1337 2683 1380 2722 p.
1400 2669 1497 2710 35‘2.
1513 2679 1601 2708 not.
1623 2670 1661 2710 ⁵2.

353 2736 398 2793 ⁷)
429 2738 561 2779 Deest
590 2740 687 2788 ,‚et“
715 2736 760 2778 in
791 2738 886 2780 edd.
916 2736 1103 2779 Merlini.

353 2807 400 2862 ⁸)
426 2809 553 2850 Rom.
592 2808 645 2858 V,
687 2808 751 2852 14.
791 2832 843 2839 --
888 2808 999 2850 Edd.
1040 2808 1100 2848 M.
1145 2818 1184 2847 et
1224 2808 1274 2848 R.
1315 2807 1397 2847 hoc
1436 2806 1556 2855 loco,
1588 2808 1660 2848 csr.

236 2881 326 2920 pag.
355 2866 451 2908 340.
482 2876 560 2906 not
589 2864 629 2906 9.
659 2865 740 2914 „ad
766 2865 921 2906 Mosen
952 2864 995 2906 in
1029 2881 1114 2914 eos,
1148 2863 1220 2919 qui
1247 2869 1554 2919 peccaverunt“
1586 2875 1661 2905 etc.
