1788 3111
540 85 983 128 Communi-mmmm
1014 86 1102 127 Lm,
1130 86 1183 127 11.
1514 89 1569 132 87

151 199 277 241 vitam
315 199 589 255 consequitur
626 211 852 241 aeternam.
888 201 1072 250 ,Verum
1103 198 1202 255 quia
1241 200 1295 240 de
1324 200 1478 250 gloria,
1524 214 1571 242 ut

152 276 393 332 potuimus,
434 276 720 325 discussimus,
758 275 976 318 videamus
1014 275 1118 331 quid
1149 285 1189 316 et
1225 275 1371 317 honor
1399 277 1570 327 indicet,

149 352 249 407 quia
280 352 352 408 qui
382 355 435 395 ad
470 364 683 395 aeternam
712 352 840 394 vitam
860 352 1069 401 festinant,
1097 369 1187 393 non
1209 353 1349 394 solum
1375 354 1569 405 gloriam,

149 431 221 471 scd
253 442 294 470 ct
323 431 536 471 honorem
566 441 789 485 quaerunt.
849 429 1069 485 Scriptum
1099 440 1171 478 est,
1201 429 1301 485 quia
1331 431 1506 481 „h0mo,
1526 431 1568 487 ¹)

151 524 246 546 cum
279 507 322 548 in
362 508 530 549 honore
559 517 684 556 esset,
720 523 810 547 non
840 506 1063 548 intellexit:
1106 518 1377 561 comparatus
1408 519 1467 548 est
1502 506 1569 563 ju-

149 583 300 624 mentis
340 583 653 638 insipientibus,
696 595 735 624 et
771 584 918 625 similis
958 583 1091 625 factus
1124 595 1184 625 est
1211 583 1333 624 illis.“
1391 583 1570 638 Quaerit

149 675 246 711 ergo
278 659 398 700 illum
429 659 666 710 honorem,
707 662 896 716 quem2)
936 662 1143 710 habebat,
1183 672 1411 716 antequam
1448 679 1567 704 com—

150 736 433 791 pararetur3)
470 735 668 793 jumentis
698 737 1017 792 insipientibus,
1055 737 1101 780 id
1133 749 1214 787 est,
1253 738 1401 787 illum,
1439 756 1566 795 quem

147 814 330 854 habebat
358 813 402 853 in
431 813 652 868 paradiso,
691 826 918 869 antequam
950 826 1169 869 peccaret,
1211 814 1448 867 honorem,
1479 833 1565 872 quo

147 890 231 930 Dei
269 895 419 931 vocem
462 891 706 931 merebatur
746 891 916 940 audire,
964 892 1201 941 honorem,
1249 909 1335 948 quo
1381 893 1567 949 paradisi

145 967 351 1008 fructibus
382 966 481 1023 et4)
511 966 628 1018 ligno
662 969 770 1009 vitae
800 969 1033 1010 fruebatur,
1093 968 1180 1009 Sed
1212 980 1251 1010 et
1279 969 1407 1019 illud,
1448 972 1566 1026 quod

146 1044 246 1086 dicit
266 1044 519 1097 Apostolus:
549 1043 801 1101 „reddite⁵)
834 1047 1035 1087 omnibus
1056 1046 1218 1098 debita;
1249 1046 1317 1087 cui
1338 1046 1570 1098 honorem,

145 1123 411 1162 honorem:“
446 1123 499 1162 ad
531 1121 614 1161 hoc
644 1121 748 1161 mihi
780 1121 989 1177 respicere
1019 1123 1194 1164 videtur.
1255 1123 1346 1176 Ego
1371 1124 1486 1165 enim
1507 1124 1566 1166 sic

142 1198 329 1250 intelligo
361 1199 575 1239 honorem
610 1199 800 1239 debitum
828 1200 950 1240 reddi
970 1198 1144 1256 Deo,⁶)
1174 1200 1208 1241 si
1239 1202 1357 1256 quod
1389 1201 1568 1242 debetur

146 1275 328 1333 justitiae
358 1276 584 1323 reddatur,
623 1287 663 1315 et
694 1275 802 1316 nihil
847 1292 893 1316 ex
931 1275 1018 1333 ejus
1049 1289 1171 1333 parte
1205 1275 1433 1334 injustitiae
1464 1295 1567 1319 con-

143 1354 338 1393 cedatur:
369 1350 560 1393 similiter
591 1362 630 1391 et
651 1351 809 1392 veritati
840 1354 885 1400 si,
916 1369 1024 1408 quae
1053 1370 1129 1394 sua
1156 1365 1266 1403 sunt,
1296 1354 1353 1395 ita
1383 1356 1567 1396 roddan*

145 1442 234 1479 tur,
274 1441 320 1469 ut
346 1428 454 1468 nihil
486 1443 533 1467 ex
573 1425 659 1482 ejus
689 1427 879 1481 partibus
918 1429 1144 1470 mendacio
1177 1430 1458 1485 relinquatur:
1499 1448 1565 1472 sa·

144 1507 328 1563 pientiae
360 1520 547 1561 quoque,
579 1515 618 1543 et
646 1503 937 1556 innocentiae,
968 1506 1234 1562 bonitatique
1262 1507 1297 1548 si
1325 1509 1382 1548 ita
1413 1509 1566 1548 redda—

142 1601 247 1632 mus,
278 1599 386 1638 quae
414 1598 488 1623 sua
519 1592 629 1630 sunt,
658 1594 704 1622 ut
734 1581 841 1622 nihil
864 1600 910 1623 ex
931 1600 1081 1623 eorum
1101 1583 1240 1632 bonis,
1270 1584 1334 1624 vel
1354 1583 1564 1631 stultitiae,

142 1661 207 1701 vel
239 1658 466 1707 calliditati,
498 1659 561 1698 vel
594 1658 778 1699 malitiae
804 1660 1109 1714 permittamus.
1158 1659 1266 1700 Cum
1291 1660 1418 1710 enim,
1448 1660 1565 1700 verbi

140 1737 294 1789 gratia,
324 1736 367 1776 in
398 1734 632 1792 judicando
666 1736 730 1776 vel
758 1753 988 1791 personam
1019 1736 1205 1792 potentis
1236 1736 1469 1792 acceperis,
1503 1736 1566 1777 vel

142 1832 221 1870 pro
254 1813 378 1854 amici
410 1812 551 1864 gratia,
588 1829 695 1868 quae
724 1824 821 1854 sunt
853 1829 946 1854 vera
977 1813 1270 1869 suppresseris,
1300 1830 1390 1854 non
1423 1814 1565 1853 reddi—

141 1891 235 1932 disti
266 1890 478 1931 honorem
512 1890 701 1931 debitum
734 1889 924 1945 justitiae,
953 1906 1034 1931 nec
1064 1890 1237 1940 veritati,
1266 1893 1338 1933 sed
1369 1890 1565 1932 dehono-

142 1967 238 2010 rasti
281 1966 502 2024 justitiam,
556 1979 593 2008 et
638 1967 772 2009 fecisti
814 1966 1119 2009 contumeliam
1163 1967 1345 2009 veritati:
1392 1979 1431 2008 et
1468 1983 1563 2007 cum

143 2044 333 2086 Christus
351 2045 403 2086 sit
430 2044 657 2101 justitia,⁷)
688 2056 728 2085 ct
745 2043 1038 2094 sanctificatio,
1069 2056 1108 2085 et
1129 2042 1291 2094 veritas,
1322 2044 1400 2084 eris
1419 2042 1566 2084 similis

139 2124 231 2171 illis,
262 2122 333 2176 qui
364 2121 580 2165 Christum
613 2121 805 2176 colaphis
821 2120 867 2175 Θ)
899 2122 1155 2169 ceciderunt,
1187 2132 1226 2160 et
1247 2119 1320 2175 qui
1338 2120 1382 2160 in
1412 2119 1562 2160 faciem

140 2198 230 2256 ejus*
259 2209 568 2253 conspuerunt,
598 2209 639 2238 et
668 2197 741 2254 qui
771 2198 813 2238 in
849 2198 1014 2238 calamo
1049 2208 1176 2252 caput
1207 2195 1295 2253 ejus
1324 2195 1564 2252 percutien-

259 2350 302 2404 ¹)
333 2350 488 2392 Psalm.
518 2349 674 2399 XLIX,
706 2349 771 2393 12.
801 2348 1044 2405 (XLVIII.)

253 2421 299 2475 ²)
332 2420 498 2462 Desunt
531 2420 682 2460 verba:
714 2435 868 2474 „quem
900 2420 1122 2468 habebat,“
1154 2419 1195 2460 in
1218 2418 1337 2460 editis
1367 2419 1427 2474 (e.
1459 2434 1491 2458 c.
1522 2417 1564 2458 in

140 2478 234 2519 edd.
264 2476 366 2532 M),
395 2478 468 2518 sed
498 2475 775 2517 restituuntur
805 2492 852 2515 ex
883 2475 1084 2518 omnibus
1114 2475 1213 2518 Mss.
1247 2474 1297 2516 R.

254 2547 301 2601 3)
329 2547 439 2589 Edd.
470 2544 665 2586 Merlini:
697 2556 984 2601 comparetur.

255 2616 300 2671 4)
332 2617 443 2658 Edd.
475 2615 668 2658 Merlini:
702 2631 724 2655 a
753 2615 871 2667 ligno
904 2614 1020 2656 vitae.
1142 2614 1188 2668 5)
1220 2613 1343 2654 Rom.
1373 2611 1494 2660 XIII,
1526 2613 1563 2669 7.

256 2686 302 2742 ⁶)
333 2685 554 2728 Omittitur
583 2684 735 2734 „De0“
765 2685 810 2726 in
845 2684 964 2726 editis
996 2684 1054 2740 (e.
1076 2702 1109 2726 c.
1133 2683 1174 2724 in
1197 2684 1292 2724 edd.
1320 2681 1420 2736 M.),
1450 2692 1490 2722 et
1522 2680 1566 2721 in

140 2741 353 2797 plerisque
382 2742 496 2790 Mss.‚
525 2743 599 2783 sed
629 2741 859 2784 restituitur
884 2757 932 2781 ex
962 2741 1066 2783 Msc.
1091 2740 1190 2790 Reg.
1221 2755 1338 2780 num.
1362 2738 1482 2782 1639.
1514 2735 1564 2777 R.

257 2809 303 2863 ⁷)
327 2811 352 2856 ,Ι
387 2811 488 2864 Cor.
519 2811 552 2860 I,
579 2811 646 2854 30.
765 2811 811 2855 ⁸)
842 2810 973 2852 Marc.
1007 2810 1102 2860 XV,
1134 2810 1199 2852 17.
1232 2808 1297 2853 18.
1329 2806 1394 2852 19.
