1788 3111
517 125 957 169 Commmmmonum
986 127 1077 169 Lm.
1107 126 1179 169 IV.
1476 130 1559 173 237

140 249 206 281 cat
237 240 396 295 absque
424 237 510 281 fide
541 240 721 288 sactum,
766 240 885 294 quod
924 239 1094 282 veniens
1114 239 1156 296 1)
1188 239 1406 282 Abraham
1437 240 1560 284 habi-

138 316 238 358 tavit
268 318 383 372 apud
423 319 638 372 (quercum
676 314 876 357 Mambre
926 315 970 357 in
1002 316 1205 366 Hebron,
1246 328 1285 358 et
1323 318 1560 360 aedificavit

136 393 199 435 ibi
230 394 360 434 altare
390 391 616 434 Domino?
673 392 914 447 Quomodo
955 405 1094 434 autern
1136 404 1173 433 et
1212 393 1319 435 illud
1347 412 1438 436 non
1471 407 1560 437 erat

135 470 238 512 fidei
277 487 408 525 opus,
459 487 553 511 cum
602 469 920 511 Melchisedech
972 469 1188 511 benedixit
1227 471 1469 522 Abraham,
1518 484 1559 513 et

136 546 213 588 ait:
244 546 812 601 ‚,benedictus²)Ab1-aham
843 548 939 588 Deo
970 547 1144 597 excelso,
1187 546 1259 601 qui
1285 548 1436 588 creavit
1459 564 1559 589 coe-

134 625 226 665 lum
259 636 297 665 et
324 636 504 665 terram:
536 634 575 664 ct
602 624 850 666 benedictus
880 625 998 666 Deus
1030 625 1235 673 excelsus,
1273 624 1344 680 qui
1383 626 1558 667 tradidit

132 700 329 743 inimicos
360 701 446 756 ejus
473 700 518 741 in
549 701 744 742 manibus
775 700 915 757 ejus?“
965 701 1030 743 Ex
1051 701 1202 756 quibus
1234 701 1434 743 omnibus
1465 703 1559 743 col-

132 776 286 828 ligitur,
317 778 434 833 quod
464 777 509 818 in
539 777 602 819 his
631 777 804 830 singulis
833 780 936 820 fides
954 780 1126 833 quidem
1156 778 1284 819 suerit
1311 778 1559 829 Abrahami,

132 855 206 895 sed
237 867 441 909 exparte:
471 855 516 897 in
540 871 589 896 eo
609 867 762 906 autem,
789 855 1054 904 ubidicitur,
1085 853 1242 911 quia3)
1273 857 1377 896 fides
1407 854 1494 912 ejus
1508 855 1554 911 ⁴²)

130 942 322 986 reputata
355 943 414 973 est
441 933 494 973 ad
523 931 739 990 justitiam,
767 933 871 973 fides
898 933 1085 988 perfecta
1116 932 1426 988 declaretur.⁵)
1459 933 1556 975 Sic-

132 1019 179 1048 ut
227 1007 341 1049 enim
379 1009 598 1051 scientiam
640 1021 679 1051 et
728 1010 1001 1066 prophetiam
1047 1026 1094 1050 ex
1148 1021 1269 1065 parte
1318 1010 1418 1051 dicit
1468 1026 1554 1052 esse

129 1085 378 1140 Apostolus,
409 1098 448 1127 et
475 1104 642 1128 rursum
674 1086 774 1129 dicit
803 1103 887 1129 esse
904 1088 1136 1142 perfectam
1153 1088 1198 1128 in
1228 1103 1294 1137 eo,
1326 1104 1422 1128 cum
1452 1089 1556 1130 scri-

130 1162 213 1203 bit:
243 1179 319 1211 „ex
334 1162 379 1219 6)
407 1174 528 1218 parte
556 1164 722 1213 scimus,
754 1176 793 1205 et
823 1181 869 1205 ex
889 1176 1007 1220 parte
1031 1164 1362 1220 prophetamus:
1393 1166 1554 1221 cum7)

130 1249 270 1280 autem
300 1240 474 1289 venerit,
503 1242 621 1296 quod
640 1242 873 1296 perfectum
907 1253 977 1292 est,
997 1242 1321 1297 destruenturS)
1354 1259 1414 1293 ea,
1445 1260 1554 1299 quae

133 1330 180 1356 ex
210 1328 334 1371 parte
361 1328 459 1358 sunt
472 1321 507 1357 :“
536 1316 594 1358 ita
626 1328 664 1358 et
690 1319 819 1359 fidem
839 1334 1063 1372 possumus
1091 1317 1325 1369 intelligere
1359 1337 1445 1362 esse
1476 1321 1555 1362 ali-

132 1394 306 1447 quando
339 1409 386 1433 ex
409 1406 540 1448 parte,
572 1405 612 1434 et
637 1393 866 1449 aliquando
887 1396 1132 1449 perfectam.
1173 1394 1232 1435 Ut
1249 1408 1400 1446 autem,
1432 1400 1552 1452 quod

130 1469 324 1519 dicimus,
352 1471 441 1512 aliis
471 1472 611 1512 adhuc
642 1470 885 1526 Scripturae
913 1482 1079 1512 sanctae
1107 1472 1354 1514 testimoniis
1383 1475 1553 1516 munia-

127 1557 209 1595 tur,
239 1547 338 1587 audi
369 1547 412 1587 in
446 1547 660 1600 evangelio
705 1549 759 1588 ad
788 1547 1031 1589 Dominum
1073 1547 1258 1590 dicentes
1297 1551 1550 1604 Apostolos:

126 1622 414 1677 „D0mine‚⁹)
444 1639 548 1675 auge
576 1623 701 1665 nobis
731 1626 901 1666 fidem.“
957 1625 1115 1665 Nonne
1137 1641 1216 1680 per
1244 1626 1350 1666 haec
1381 1626 1551 1668 eviden-

124 1711 190 1741 ter
223 1703 452 1742 ostendunt
480 1701 638 1742 habere
665 1717 707 1743 se
737 1701 909 1757 quidem
951 1702 1103 1751 fidem,
1147 1702 1222 1743 sed
1250 1703 1398 1753 talem,
1441 1720 1550 1759 quae

127 1788 242 1828 egeat
260 1775 330 1833 ¹⁰)
361 1777 623 1829 augmento?
682 1777 768 1819 Sed
812 1790 852 1819 et
879 1778 971 1833 ipse
1000 1779 1232 1834 Apostolus
1261 1779 1419 1822 Paulus
1450 1798 1548 1824 cum

126 1853 246 1895 dicit:
277 1854 422 1910 ‚,si¹¹)
454 1855 636 1897 habeam
667 1871 841 1896 omnem
871 1855 1021 1904 fidem,
1054 1855 1110 1897 ita
1140 1867 1187 1897 ut
1215 1868 1382 1898 montes
1413 1869 1548 1900 trans-

125 1932 309 1971 feram:“
342 1948 515 1974 omnem
551 1949 649 1974 cum
681 1933 802 1982 dicit,
843 1949 890 1973 ex
919 1931 1110 1988 partibus
1140 1944 1274 1974 totam
1306 1935 1431 1975 docet
1462 1952 1549 1977 esse

127 2007 422 2062 compositam.
479 2010 630 2066 Neque
661 2010 774 2052 enim
800 2025 929 2051 omne
947 2020 1087 2065 potest
1113 2009 1344 2061 nominari,
1370 2010 1446 2052 ubi
1475 2022 1547 2052 aut

246 2146 290 2202 Ι)
327 2146 479 2190 Genes.
508 2148 695 2199 XIIL18.

240 2216 288 2271 ²)
323 2216 475 2260 Genes.
504 2218 623 2268 XIV,
655 2219 722 2264 19.
751 2221 819 2262 20.

239 2285 285 2341 3)
316 2286 442 2328 Rom.
474 2288 547 2337 IV,
576 2288 616 2329 5.

241 2352 287 2411 ⁴²)
318 2357 430 2398 Edd.
460 2357 654 2398 Isserlini:
686 2358 736 2399 ei.

236 2425 283 2480 ⁵)
313 2425 428 2468 Edd.
457 2427 656 2469 Merlini:
688 2428 936 2470 declaratur.

237 2495 283 2549 ⁶)
312 2495 333 2535 Ι
366 2495 467 2538 Cor.
495 2496 614 2547 XIII,
642 2497 681 2539 9.
712 2499 778 2540 10.

236 2564 282 2619 ⁷)
312 2565 424 2606 Edd.
457 2565 650 2609 Merlini:
685 2584 782 2609 cum
814 2568 974 2610 venerit
1004 2581 1155 2612 autem.

234 2633 280 2688 Β)
312 2635 415 2677 Msc.
445 2653 576 2678 unus:
607 2638 906 2687 „evacuabitur
923 2636 1052 2695 'quod
1085 2656 1131 2681 ex
1162 2651 1281 2696 parte
1312 2645 1409 2682 est.“
1438 2641 1487 2682 R.

235 2704 283 2757 ⁹)
312 2704 411 2746 Luc.
443 2706 583 2756 XVII,
613 2709 652 2750 5.

212 2771 283 2826 ¹⁰)
312 2774 392 2815 Ed.
422 2775 482 2815 M.
512 2775 554 2815 I:
585 2777 779 2830 „ege1·it,“
809 2780 874 2823 ed.
903 2778 1060 2822 Ruaei:
1091 2785 1293 2834 ‚,egcret.“

209 2842 280 2897 ¹¹)
312 2843 330 2882 1
363 2842 463 2887 Cor.
493 2844 611 2898 XIII,
641 2847 681 2892 2.
