1788 3111
519 126 960 170 COMMENTARIORUM
990 127 1081 170 Lm.
1112 129 1142 170 Ι.
1482 133 1539 176 63

117 239 340 282 litudinem
380 239 572 292 imaginis
614 240 900 296 corruptibilis
936 240 1122 283 hominis
1162 253 1201 283 et
1231 243 1455 285 volucrum
1498 257 1539 287 et

120 319 450 373 quadrupedum
483 330 521 359 et
535 317 791 372 serpentium
812 317 1018 360 mutavit?
1060 321 1146 360 Aut
1165 322 1388 375 quomodo
1408 338 1538 377 supra

120 405 350 450 utrumque
379 397 534 437 horum
567 395 734 447 velut1)
774 395 953 436 examini
984 396 1151 437 cuidam
1183 399 1409 439 traduntur
1445 417 1538 441 ma-

121 472 263 513 iorum
295 472 349 522 hi,
380 475 451 528 qui
482 489 571 512 non
595 473 888 527 probaverunt
903 473 1043 513 Deum
1064 473 1220 514 habere
1237 474 1279 515 in
1298 475 1534 533 notitia?²)

121 549 251 590 Unde
281 551 409 601 magis
440 549 544 590 mihi
581 549 778 590 videntur
808 566 956 592 omnes
996 551 1076 591 hae
1106 568 1275 600 causae,
1315 569 1423 607 quae
1451 565 1538 595 tra-

122 625 354 668 ditionibus
394 627 562 680 singulis
592 628 910 682 praeferuntur,
950 627 995 668 in
1030 645 1165 669 unum
1208 631 1537 681 coacervandae,

123 715 162 745 et
193 703 392 758 rursus‘3)
422 704 701 745 traditionum
731 704 889 759 species
919 704 963 745 in
986 723 1135 755 unum,
1164 718 1223 756 ut,
1253 707 1371 747 verbi
1401 723 1538 757 causa,

118 781 175 822 ita
193 779 236 834 ⁴)
289 781 497 823 dicamus:
554 784 759 836 quoniam
811 783 985 837 quidem
1034 783 1229 824 homines
1270 795 1540 826 mutaverunt

122 857 296 909 gloriam
338 858 672 914 incorruptibilis
710 859 793 900 Dei
834 859 878 900 in
923 860 1242 901 similitudinem
1280 861 1472 912 imaginis
1490 860 1536 917 ⁵)

122 935 409 991 corruptibilis
451 937 658 986 hominis,
700 948 740 978 et
779 938 1003 978 volucrum
1046 948 1084 977 et
1126 938 1455 992 quadrupedum
1498 951 1539 981 et

119 1013 393 1070 serpentium,
424 1025 463 1053 et
492 1015 589 1069 quia
615 1025 982 1055 commutaverunt
998 1014 1215 1054 veritatem
1237 1015 1320 1056 Dei
1350 1016 1396 1057 in
1418 1034 1539 1058 men-

121 1091 305 1139 dacium,
335 1102 372 1130 et
394 1093 632 1139 coluerunt,
663 1103 702 1131 et
719 1089 950 1132 servierunt
981 1103 1198 1133 creaturae
1227 1093 1380 1148 potius,
1410 1110 1538 1149 quam

124 1167 340 1218 Creatori,
384 1184 463 1209 nec
503 1170 795 1223 probaverunt
838 1168 982 1208 Deum
1020 1168 1179 1210 habere
1219 1169 1264 1210 in
1305 1170 1538 1227 notitia26)

120 1257 299 1302 propter
329 1246 433 1286 haec
465 1245 609 1286 omnia
638 1243 872 1301 tradidit7)
905 1262 975 1286 eos
995 1245 1111 1287 Deus
1136 1246 1181 1287 in
1203 1248 1418 1289 desideriis
1441 1265 1539 1289 eor-

122 1325 184 1365 dis
217 1339 367 1364 eorum
402 1324 446 1364 in
474 1322 811 1372 immunditiam,
849 1334 896 1363 ut
927 1324 1193 1365 contumeliis
1224 1325 1411 1366 afficiant
1443 1342 1539 1366 cor-

121 1418 230 1456 pora
261 1417 355 1452 sua3
394 1411 432 1440 et
461 1398 634 1441 tradidit
665 1415 736 1440 eos
766 1397 811 1438 in
840 1400 1053 1454 passiones
1084 1400 1364 1451 ignominiae,
1402 1413 1450 1442 ut
1476 1403 1540 1442 fe-

122 1478 265 1519 minae
296 1493 447 1518 eorum
475 1476 750 1516 immutarent
777 1478 1012 1517 naturalem
1043 1495 1165 1518 usum
1195 1478 1241 1518 in
1263 1495 1373 1527 eum,
1404 1478 1477 1533 qui
1491 1478 1538 1533 8)

125 1567 271 1597 contra
292 1566 487 1595 naturam
519 1565 586 1595 est.
633 1553 835 1595 Similiter
850 1553 895 1609 9)
926 1570 1099 1609 quoque
1119 1566 1157 1595 et
1176 1554 1365 1604 masculi,
1388 1555 1536 1596 relicto

121 1632 305 1674 naturali
334 1649 413 1672 usu
443 1630 648 1679 feminae,
688 1630 1016 1683 exarserunt¹⁰)
1057 1631 1102 1671 in
1134 1631 1348 1673 desideriis
1379 1632 1462 1674 suis
1489 1634 1538 1675 in

119 1709 313 1758 invicem,
343 1708 520 1750 masculi
543 1707 587 1748 in
609 1710 820 1750 masculos
840 1708 1148 1763 turpitudinem
1173 1721 1407 1763 operantes.
1451 1710 1539 1752 Sed

124 1799 164 1829 et
192 1786 366 1829 tradidit
396 1801 467 1826 eos
497 1784 614 1826 Deus
642 1784 688 1825 in
718 1786 953 1841 reprobum
985 1801 1174 1834 sensum,
1217 1796 1262 1825 ut
1289 1786 1448 1828 faciant
1478 1803 1539 1837 ea,

124 1881 233 1921 quae
262 1880 354 1905 non
385 1862 658 1911 conveniunt,
698 1861 797 1918 quia
830 1874 948 1904 erant
977 1863 1128 1918 repleti
1159 1863 1278 1904 omni
1306 1864 1539 1920 iniquitate,

242 2005 284 2061 ¹)
314 2004 431 2046 Editi
462 2003 521 2061 (e.
553 2020 586 2044 c.
618 2004 713 2044 edd.
743 2002 849 2059 M.:)
879 2003 1009 2053 „vel.“
1045 2002 1095 2043 R.

237 2075 285 2131 ²)
316 2075 403 2115 Cfr.
432 2089 524 2129 pag.
556 2074 621 2117 61.
656 2085 743 2115 not.
775 2078 811 2118 1.
845 2086 883 2114 et
910 2089 1002 2129 pag.
1032 2074 1098 2115 62.
1131 2085 1219 2114 not.
1249 2073 1288 2115 8.

239 2145 285 2199 ³)
316 2145 424 2186 Edd.
456 2144 648 2184 Merlini:
678 2160 845 2184 rursum
873 2142 1110 2184 traditionis
1136 2143 1308 2198 specieS.

239 2215 285 2268 4)
316 2215 427 2255 Edd.
457 2213 653 2254 Merlini:
685 2215 873 2254 dicamus
901 2214 970 2255 ita.
995 2201 998 2204 Ι
1115 2206 1118 2209 ’

240 2285 284 2340 5)
315 2284 426 2326 Edd.
457 2283 654 2325 Merlini:
683 2284 875 2334 imaginis
894 2282 1134 2333 hominum,
1167 2294 1206 2323 et
1221 2284 1443 2324 volucrum
1462 2294 1538 2323 etc.

239 2355 286 2411 6)
318 2354 405 2396 Cfr.
436 2370 529 2410 pag.
560 2353 646 2410 huj.
675 2365 764 2401 not.
793 2357 831 2396 2.

237 2427 281 2481 ⁷)
312 2427 422 2467 Edd.
452 2424 644 2465 Merlini:
675 2425 849 2464 tradidit
864 2424 960 2465 illos
978 2423 1095 2465 Deus
1121 2424 1165 2464 in
1198 2422 1414 2465 desideriis
1444 2438 1540 2463 cor-

125 2484 186 2525 dis
218 2499 391 2530 eorum,
422 2493 462 2522 et
488 2482 532 2521 in
562 2481 876 2521 immunditiam
909 2492 981 2522 etc.

239 2551 286 2607 ²3)
318 2551 404 2594 Cfr.
433 2566 526 2607 pag.
556 2552 621 2593 60.
653 2561 739 2591 not.
772 2550 836 2591 11.

242 2622 287 2674 9)
316 2621 433 2663 Editi
462 2621 520 2677 (e.
553 2637 585 2661 c.
618 2622 712 2661 edd.
742 2621 803 2662 M.
807 2621 840 2676 ),
873 2633 911 2661 et
940 2618 1279 2675 Mss.ple1ique:
1310 2617 1541 2668 „Similiter

126 2689 265 2718 autem
299 2690 337 2718 et
366 2677 552 2718 masculi.
600 2678 687 2718 Sed
716 2689 755 2718 et
783 2678 955 2718 tiadidit
981 2678 1075 2717 illos
1096 2676 1237 2716 Deus“
1259 2687 1347 2723 etc„
1380 2675 1541 2715 omissis

124 2734 397 2783 intermediis,
426 2750 534 2789 quae
563 2735 837 2775 restituuntur
869 2750 915 2774 ex
944 2732 1049 2773 Msc.
1073 2731 1172 2783 Reg.
1191 2749 1307 2772 num.
1338 2731 1459 2773 1639.
1488 2731 1540 2772 R.

218 2803 288 2857 ¹⁰)
318 2803 397 2844 Ed.
427 2802 562 2844 Ruaei
592 2804 630 2843 h.
661 2804 774 2852 loco,
808 2805 882 2844 cfr.
912 2820 952 2858 p.
980 2804 1046 2846 60.
1077 2813 1164 2845 not
1187 2804 1251 2843 12
1283 2813 1322 2841 tt
1352 2817 1441 2856 pag.
1472 2800 1539 2842 62.

125 2871 214 2901 not.
245 2861 283 2903 6.
313 2859 666 2909 „accendentur
654 2876 699 2901 1n
731 2859 986 2901 desiderium
1017 2859 1080 2901 sui
1111 2858 1329 2900 invicem.“
