1788 3111
486 77 927 120 CommssurAmoan
956 77 1046 118 Lm.
1075 78 1148 119 IV.
1442 80 1528 124 279

116 204 288 247 tamque
330 191 543 243 magnifici
592 189 776 248 mysterii
822 190 866 231 in
913 190 1000 231 fide
1035 189 1270 232 Abrahami
1308 191 1448 234 forma
1487 202 1530 233 et

114 268 254 320 imago
290 280 584 324 praecesserat.
648 268 724 308 Ille
773 265 884 307 enim
930 265 1193 316 crediderat,
1235 283 1330 308 cum
1371 269 1529 309 offerre

113 345 287 386 unicum
324 344 564 400 juberetur,
603 342 700 399 quia
738 353 778 382 et
819 359 842 383 a
879 342 1059 384 mortuis
1096 359 1193 384 eum
1222 344 1423 386 suscitare
1445 361 1527 401 po-

111 433 202 463 tens
233 432 335 462 esset
363 420 501 472 Deus;
536 419 774 461 crediderat
803 418 950 469 etiam,
990 421 1108 475 quod
1145 437 1237 461 non
1273 420 1335 461 illi
1362 433 1525 463 tantum

110 499 225 540 Isaac
255 514 318 539 res
349 509 450 538 tunc
479 506 703 549 gereretur,
731 496 804 536 sed
836 507 876 536 et
903 495 1051 539 semini
1082 494 1184 552 ejus,
1212 496 1285 551 qui
1316 508 1375 538 est
1404 495 1529 538 Chri-

110 586 218 624 stus,
257 575 383 630 plena
419 571 668 614 sacramenti
707 572 856 614 veritas
895 583 1139 614 servaretur.
1198 573 1305 614 Inde
1343 573 1528 628 denique

111 653 298 702 gaudens
328 651 502 692 unicum
534 650 761 699 offerebat,
791 649 888 705 quia
917 649 963 691 in
995 666 1045 691 eo
1082 667 1173 691 non
1201 649 1417 690 interitum
1448 667 1528 705 po-

111 728 317 777 steritatis,
344 728 418 770 sed
447 726 760 782 reparationem
790 726 955 777 mundi,
985 739 1025 769 et
1052 727 1372 768 innovationem
1402 726 1528 767 totius

112 817 341 854 creaturae,
370 819 478 859 quae
516 820 595 859 per
629 803 982 844 resurrectionem
1022 803 1206 846 Domini
1242 803 1426 845 restituta
1459 814 1530 851 est,

112 883 345 934 cogitabat:
384 892 423 921 et
450 880 548 921 ideo
570 878 612 935 ¹)
644 879 743 922 dicit
773 879 990 921 Dominus
1031 881 1084 921 de
1124 897 1199 931 eo,
1236 879 1334 936 quia
1364 880 1530 930 „Abra-

109 958 268 1013 ham2)
297 969 417 1015 pater
445 969 580 999 vester
612 956 846 1006 exsultavit,
886 968 933 997 ut
963 957 1122 998 videret
1151 956 1265 998 diem
1293 973 1460 997 meum:
1490 966 1531 996 et

107 1033 223 1083 vidit,
252 1046 292 1076 et
320 1034 478 1087 gavisus
513 1039 609 1076 est.“
665 1032 824 1089 H0c³)
867 1048 964 1085 ergo
1001 1034 1136 1075 modo
1156 1031 1200 1089 ι)
1240 1043 1532 1088 competenter

108 1111 322 1152 videbitur
357 1111 499 1153 habita
547 1110 815 1167 comparatio
864 1110 966 1152 fidei
995 1111 1238 1158 Abraham,
1289 1120 1328 1149 et
1364 1124 1530 1157 eorum,

108 1186 182 1242 qui
212 1190 392 1229 credunt
417 1189 463 1229 in
484 1204 596 1238 eum,
625 1188 697 1243 qui
727 1188 938 1229 suscitavit
966 1187 1207 1229 Dominum
1227 1187 1396 1228 Jesum:
1416 1185 1529 1241 quia,

111 1264 229 1317 quod
258 1263 330 1304 ille
359 1266 551 1305 futurum
583 1264 774 1314 credidit,
804 1281 827 1305 a
857 1264 982 1306 nobis
1011 1264 1197 1306 creditur
1226 1265 1398 1304 factum.
1461 1260 1526 1302 Si-

109 1340 199 1380 mul
229 1352 369 1381 autem
388 1340 431 1397 ⁵)
462 1352 502 1381 et
529 1340 636 1382 illud
658 1341 907 1391 ostenditur,
934 1342 1052 1397 quod
1070 1340 1288 1382 haereticis
1316 1356 1406 1380 non
1435 1339 1529 1394 pla-

111 1429 194 1457 cet:
225 1417 324 1472 quia
353 1417 484 1467 Deus,
516 1418 583 1458 cui
616 1417 795 1459 credidit
811 1418 856 1474 ⁶)
887 1419 1120 1467 Abraham,
1152 1416 1250 1472 et⁷)
1279 1417 1409 1457 fidem
1441 1413 1529 1471 ejus

110 1494 165 1532 ad
193 1490 394 1549 justitiam
424 1494 653 1550 reputavit,
694 1495 784 1550 ipse
814 1506 893 1545 est,
933 1495 1005 1550 qui
1036 1506 1074 1535 et
1104 1494 1343 1535 Dominum
1380 1493 1528 1533 Jesum

106 1571 362 1612 resuscitavit
390 1587 413 1611 a
441 1571 633 1621 mortuis,
658 1587 738 1612 nec
766 1571 1018 1627 relinquitur
1046 1573 1180 1622 locus,
1210 1582 1257 1611 ut
1285 1569 1388 1611 alius
1413 1568 1530 1609 Deus

106 1646 221 1697 legis,
264 1647 368 1688 alius
411 1647 592 1688 Domini
626 1649 761 1690 nostri
799 1648 900 1689 Jesu
933 1647 1089 1689 Christi
1115 1660 1237 1703 pater
1264 1644 1530 1696 intelligatur.

108 1723 196 1765 Sed
225 1724 365 1765 adhuc
389 1723 666 1780 requiramus,
695 1741 792 1765 cum
812 1725 895 1766 sint
913 1726 1242 1780 quamplurima,
1273 1739 1382 1779 quae
1405 1721 1529 1762 Chri.-

108 1812 193 1842 stus
225 1817 311 1843 esse
342 1800 515 1852 dicitur,
545 1826 596 1833 —
626 1818 728 1842 narn
762 1812 801 1842 et
826 1801 1030 1857 sapientia
1045 1801 1091 1858 ⁸)
1134 1814 1172 1843 et
1209 1801 1359 1850 virtus,
1399 1810 1439 1839 et
1464 1797 1527 1854 ju-

109 1878 229 1928 stitia,
260 1889 300 1919 et
328 1877 579 1933 verbum,⁹)
610 1889 649 1919 et
677 1878 847 1928 veritas,
891 1890 931 1919 et
959 1878 1042 1920 vita
1072 1880 1160 1935 ipse
1190 1878 1428 1934 appellatur
1463 1900 1529 1924 -—-,

112 1972 188 1994 cur
223 1954 489 2010 potissimum
528 1956 581 1996 de
624 1955 932 1997 resurrectione
978 1954 1065 2012 ejus
1105 1955 1239 2009 inm)
1269 1955 1354 1995 fide
1384 1964 1527 1994 nostra

232 2065 274 2120 ¹)
303 2065 413 2108 Edd.
442 2065 637 2105 Merlini:
669 2077 708 2105 et
737 2065 851 2105 idem
884 2065 986 2107 dicit
1017 2078 1093 2106 etc.

226 2135 273 2189 ²)
302 2135 378 2177 Ev.
406 2135 564 2176 Joann.
586 2134 701 2184 VIII,
728 2135 796 2177 56.

226 2204 274 2260 3)
303 2204 383 2245 Ed.
413 2203 472 2244 M.
505 2204 566 2244 II:
595 2204 704 2253 „Hic
734 2207 895 2255 ergo.“‘

226 2273 273 2328 ⁴)
305 2274 437 2315 Deest
461 2276 653 2324 „modo“
679 2275 722 2315 in
754 2275 849 2315 edd.
879 2272 1064 2314 Merlini.

227 2343 272 2398 ⁵)
301 2343 578 2385 Desideratur
604 2349 800 2394 „autem“
829 2344 873 2385 in
908 2345 1001 2384 edd.
1032 2343 1092 2384 M.

226 2413 273 2468 ⁶)
303 2413 430 2454 Rom.
459 2413 531 2462 lV,
560 2414 601 2456 3.

228 2483 273 2539 ⁷)
301 2483 415 2525 Editi
445 2482 503 2540 (v.
533 2500 567 2524 c.
600 2485 694 2526 edd.
724 2483 828 2540 M.):
861 2495 924 2535 „et
953 2485 1081 2525 fidem
1113 2482 1201 2539 ejus
1228 2482 1309 2523 Dei
1331 2481 1527 2539 justitiam

110 2539 352 2594 reputavit.“
382 2540 432 2580 R.

228 2608 276 2665 ⁸)
306 2611 326 2650 I
361 2609 459 2652 cor.
489 2611 523 2660 1,
551 2612 617 2652 24.
647 2611 713 2653 29.

230 2679 276 2733 9)
305 2679 381 2720 Ev.
410 2680 570 2722 Joann.
600 2681 632 2730 1,
662 2685 699 2725 1.
731 2693 769 2722 et
797 2681 908 2729 xlv,
937 2681 977 2723 6.

204 2748 276 2803 ¹⁰)
306 2749 376 2790 Sic
406 2762 518 2791 recte
546 2753 633 2791 duo
664 2750 854 2806 potiores
892 2750 989 2791 Mss.
1018 2748 1149 2800 Regii.
1209 2748 1293 2789 Alii
1324 2764 1447 2797 vero,
1481 2760 1517 2787 et

118 2804 216 2846 editi
245 2807 305 2861 (v.
338 2823 371 2847 c.
403 2808 498 2848 edd.
526 2806 632 2861 MA)
661 2807 731 2858 „in
764 2808 847 2850 fide
877 2823 992 2848 nunc
1022 2806 1281 2861 Apostolus“
1311 2817 1387 2846 etc.
1417 2804 1467 2844 R.
