1788 3111
249 121 338 165 242
587 113 814 159 Omossms
841 126 890 158 m
915 113 995 157 Er.
1025 122 1086 156 An
1117 111 1345 156 Romanos

256 247 386 289 quem
414 227 732 286 superscripsit:
768 227 1092 285 „intellcctus¹)
1150 227 1353 270 David:“
1381 225 1545 269 dedisse.
1572 225 1686 270 istud

256 308 455 358 initium,
491 307 730 349 admonens
769 322 851 363 per
889 306 1026 361 ipsam
1055 303 1460 361 superscriptionem
1490 304 1685 346 altiorem

259 387 418 429 dehere
447 382 608 440 requiri
634 383 896 425 intellectum
924 381 970 423 in
1000 380 1077 432 his,
1106 397 1216 437 quae
1237 381 1426 422 dicturus
1457 392 1557 430 erat,
1587 381 1686 438 quia

257 462 410 515 „beati,
439 478 626 518 quorum
654 459 940 518 remittuntur*
968 459 1263 515 iniquitates:“
1294 459 1348 500 de
1378 457 1553 514 quibus,
1581 475 1688 515 pro-

258 553 308 582 ut
335 539 569 597 potuimus,
599 537 790 586 diximus,
822 553 920 577 cum
951 538 1005 578 de
1025 535 1202 577 Psalmis
1232 551 1310 591 per
1337 534 1535 576 ordinem
1556 535 1688 577 dicta-

258 634 412 659 remus.
471 615 557 657 Sed
578 625 806 669 promovet
834 630 915 654 nos
947 613 1107 654 ordinis
1131 613 1262 669 ipsius
1286 611 1538 662 differentia,
1568 614 1686 668 quod

257 695 399 751 primo
431 692 552 733 dixit:
581 690 793 745 ,‚beati,²)
825 707 1010 746 quorum
1040 690 1238 731 remissae
1266 702 1364 731 sunt
1401 690 1689 746 iniquitates:“

258 772 471 814 secundo:
503 785 715 825 „quorum
749 778 858 809 tecta
902 778 999 809 sunt
1037 773 1259 824 peccata:“
1288 768 1439 809 tertio:
1470 767 1566 819 „cui
1593 785 1686 809 non

257 845 541 903 imputavit3)
591 845 806 886 Dominus
854 849 1130 900 peceatum.“
1213 844 1267 886 Et
1314 845 1432 895 vide,
1489 845 1523 887 si
1577 846 1689 886 forte

234 936 397 983 vpotest
434 924 511 965 iste
542 923 652 965 ordo
694 922 739 963 in
792 921 934 963 anima
973 938 1059 963 una
1117 923 1352 977 eademque
1390 921 1588 972 intelligi:
1628 932 1688 972 ut,

261 1003 358 1059 quia
398 1000 568 1043 initium
611 1010 671 1041 est
713 999 1001 1040 conversionis
1041 1000 1208 1041 animae
1237 1001 1348 1041 mala
1380 999 1688 1054 derelinquere,

257 1096 341 1136 pro
373 1079 458 1120 hoc
489 1076 759 1132 iniquitatum
790 1076 1081 1117 remissionem
1104 1088 1318 1118 mereatur
1341 1076 1556 1132 accipere:
1589 1093 1686 1117 cum

257 1168 399 1199 autem
432 1154 620 1211 coeperit
648 1154 766 1194 bona
794 1154 955 1201 facere,
991 1154 1104 1194 velut
1131 1153 1293 1204 singula
1324 1170 1541 1209 quaeque,
1577 1169 1688 1208 quae

255 1243 591 1289 praecesserant,
629 1230 743 1270 mala
781 1229 906 1270 bonis
937 1229 1178 1271 recentibus
1217 1231 1441 1282 obtegens,
1481 1241 1521 1271 et
1551 1231 1688 1271 abun-

259 1307 501 1350 dantiorem
541 1323 770 1348 numerum
814 1307 1036 1347 bonorum
1080 1306 1379 1357 introducens,
1411 1323 1538 1363 quam
1569 1306 1688 1362 prius

257 1389 395 1428 fuerat
423 1386 652 1432 malorum,
690 1394 830 1435 tegere
860 1395 1035 1439 peccata
1066 1383 1251 1425 dicatur:
1280 1384 1356 1426 ubi
1386 1400 1486 1426 vero
1517 1383 1603 1441 jam
1634 1385 1687 1425 ad

256 1465 495 1520 perfectum
526 1460 706 1511 venerit,
744 1461 800 1502 ita
831 1472 877 1502 ut
908 1460 1047 1502 omnis
1088 1462 1141 1502 de
1170 1477 1217 1502 ea
1246 1460 1433 1503 malitiae
1462 1462 1580 1503 radix
1611 1477 1688 1517 pe·

257 1541 370 1581 nitus
401 1550 658 1595 amputetur,
689 1554 739 1579 eo
772 1555 918 1594 usque,
947 1550 995 1580 ut
1022 1538 1189 1579 nullum
1210 1537 1254 1579 in
1273 1555 1320 1579 ea
1345 1538 1561 1591 vestigium
1587 1555 1687 1594 pos-

258 1617 310 1658 sit
338 1615 517 1658 inveniri
545 1615 774 1670 nequitiae,
803 1615 921 1668 ibi4)
953 1615 1038 1673 jam
1069 1633 1236 1657 summa
1266 1617 1478 1671 perfectae
1507 1615 1687 1656 beatitu-

261 1693 370 1734 dinis
400 1693 700 1748 promittatur,
740 1709 835 1734 cum
854 1692 898 1746 5)
939 1694 1106 1733 nullum
1136 1692 1266 1748 possit
1294 1693 1511 1734 Dominus
1541 1692 1685 1748 impu-

257 1782 348 1811 tare
375 1781 611 1825 peccatum.
669 1769 873 1825 Iniquitas
902 1785 1004 1810 sane
1035 1786 1056 1809 a
1089 1781 1265 1825 peccato
1295 1769 1414 1816 ‚hanc
1446 1770 1574 1810 habet
1603 1769 1686 1809 dif-

259 1847 504 1896 ferentiam,
547 1847 666 1901 quod
706 1846 903 1901 iniquitas
933 1845 976 1886 in
1007 1846 1070 1887 his
1102 1847 1278 1895 dicitur,
1306 1862 1415 1901 quae
1445 1858 1594 1887 contra
1626 1846 1686 1886 le-

258 1940 350 1976 gem
383 1923 729 1965 committuntur:
768 1924 885 1963 unde
922 1934 960 1963 et
994 1939 1165 1975 graecus
1194 1941 1334 1965 sermo
1367 1922 1569 1981 ἄνομίαν
1607 1940 1684 1979 ap-

256 2001 389 2056 pellat
417 2000 696 2055 iniquitatem,
728 1999 812 2041 hoc
844 2012 913 2049 est,
944 2002 1059 2056 quod
1077 1999 1121 2055 ⁶)
1149 2000 1239 2042 sine
1265 2002 1355 2054 lege
1385 2000 1683 2042 committitur:

255 2089 481 2135 peccatum
518 2093 618 2117 vero
661 2076 786 2118 etiam
827 2076 935 2118 illud
967 2077 1051 2118 dici
1079 2089 1237 2134 potest,
1274 2078 1308 2119 si
1343 2090 1511 2130 contra,
1555 2094 1681 2135 quam

256 2166 409 2196 natura
439 2155 568 2196 docet
597 2161 638 2195 et
667 2154 924 2196 conscientia
957 2155 1105 2207 arguit,
1137 2155 1422 2212 delinquatur.

378 2369 420 2425 ¹)
454 2370 540 2411 Cfr.
570 2369 724 2414 Psalm.
754 2370 943 2421 XXXII,
967 2372 1002 2413 1.
1033 2370 1249 2427 (XXXI.)

370 2446 414 2500 ²)
448 2446 601 2489 Psalm.
629 2446 814 2496 XXXH,
844 2449 880 2489 1.
905 2450 944 2490 2;
970 2448 1180 2503 (XXXI.)

371 2515 417 2569 3)
448 2516 562 2557 Alias
594 2517 653 2571 (v,
686 2532 718 2557 c.
748 2517 793 2557 in
826 2520 890 2558 ed.
920 2517 981 2558 M.
1012 2518 1089 2572 Ι.);
1121 2517 1412 2573 „imputabit.“
1443 2517 1489 2557 R.

372 2592 419 2647 ⁴)
448 2592 560 2633 Edd.
590 2592 784 2634 Mcrlini:
814 2594 900 2635 ubi.

372 2662 418 2716 ⁵)
448 2661 559 2703 Edd.
588 2662 786 2704 Merlini:
813 2674 917 2704 tum.

372 2731 419 2786 ⁶)
450 2732 521 2773 Sic
549 2732 653 2773 Msc.
689 2750 811 2774 unus.
873 2732 1037 2774 Caeteri
1076 2747 1175 2773 vero
1208 2732 1306 2777 Mss.
1346 2745 1386 2774 et
1422 2735 1520 2775 editi
1550 2734 1608 2790 (c.
1642 2751 1675 2775 c.

257 2787 352 2828 edd.
403 2789 509 2843 M.):
559 2789 704 2845 „quod
756 2789 1092 2839 committitur,“
1140 2790 1300 2832 omissis
1345 2791 1519 2832 vocibus
1563 2791 1677 2841 „sine

254 2844 383 2896 lege.“
410 2843 461 2884 R.
