1788 3111
187 110 272 156 168
525 107 747 150 Oamssms
775 119 821 150 m
850 107 930 148 ΕΡ.
961 117 1020 148 An
1052 103 1279 150 RomAnos'

190 222 360 267 dum?“
403 222 450 264 in
486 222 572 264 hoc
610 224 711 264 loco
751 222 1032 272 „mundum“
1074 221 1295 272 homines,
1336 220 1410 276 qui
1446 220 1492 262 in
1529 221 1615 263 hoc

189 303 356 344 mundo
388 311 507 351 sunt,
537 299 658 350 dicit,
687 299 794 342 sicut
823 310 862 340 et
892 298 994 340 alibi
1022 298 1222 350 legimus:
1258 297 1444 354 „quia¹)
1475 299 1615 341 omnis

190 380 378 421 mundus
407 378 453 419 in
481 377 669 429 maligno
699 376 878 432 positus'
902 380 1017 418 est:“
1068 377 1187 431 quod
1224 375 1372 431 utique
1409 376 1618 427 homines,

194 459 268 513 qui
298 456 344 498 in
375 457 460 498 hoc
489 457 656 496 mundo
688 453 894 504 habitant,
923 453 966 494 in
996 452 1157 494 malitia
1179 469 1264 495 esse
1285 453 1447 510 positos
1478 466 1617 496 osten-

196 534 270 576 dit.
329 533 433 575 Post
464 533 549 573 hoc
580 530 666 588 jam
694 531 923 580 videamus,
953 531 1176 585 quomodo
1206 529 1364 572 dictum
1396 530 1469 572 sit:
1499 529 1617 586 „si²)

196 611 309 652 enim
340 609 490 651 veritas
520 608 606 649 Dei
642 608 688 648 in
716 624 815 648 meo
845 606 1073 648 mendacio
1105 607 1338 649 abundavit
1364 607 1409 649 in
1439 608 1621 659 gloriam

193 688 364 744 ipsius.“
422 685 590 727 :Multae
628 696 726 726 sunt
761 685 807 726 in
838 685 924 726 hoc
962 685 1127 726 mundo
1160 684 1416 736 religionum
1450 685 1623 741 species,

194 766 354 806 multae
383 763 749 820 philosophorum
781 774 930 812 sectae,
959 762 1093 803 multa
1125 764 1323 814 dogmata
1354 763 1466 804 salsis
1491 780 1622 806 asser-

194 842 386 883 tionibus
436 842 591 882 tradita
638 851 677 881 et
732 839 988 892 argumentis
1042 840 1280 895 conscripta
1330 840 1624 891 mendacibus,

197 936 383 976 quorum
415 929 608 960 auctores
640 917 745 959 falso
776 918 876 958 licet
902 916 1133 973 sapientiae
1151 917 1341 968 nomine,
1370 935 1460 960 non
1480 930 1624 960 tamen

199 996 372 1049 exiguae
405 1007 477 1037 aut
506 1006 748 1037 conterritae
780 994 1042 1036 auctoritatis
1072 993 1150 1035 viri
1170 994 1402 1036 habentur:
1435 1012 1483 1036 ex
1514 1012 1624 1051 quo-

198 1092 297 1116 rum
327 1072 620 1131 praerogativa
649 1072 752 1112 falsa
783 1087 864 1126 pro
897 1070 1001 1112 veris
1033 1054 1202 1126 receplta
1231 1083 1349 1121 sunt,
1379 1083 1426 1112 ut
1454 1074 1625 1115 univer-

202 1169 296 1194 sum
326 1166 464 1207 paene
494 1151 704 1191 mundum
735 1148 1014 1190 mendacibus
1053 1147 1208 1203 erga3)
1246 1149 1496 1200 religionem
1532 1149 1627 1206 opi-

201 1229 406 1271 nionibus
428 1226 692 1283 occuparint,
708 1224 753 1281 4)
787 1226 843 1266 ita
872 1235 920 1265 ut
948 1224 994 1264 in
1026 1240 1216 1265 errorem
1245 1224 1566 1276 inducerentur,
1593 1227 1627 1269 si

206 1306 292 1348 dici
327 1316 488 1362 potest,
528 1303 653 1344 etiam
671 1301 715 1358 ⁵)
760 1301 892 1343 electi.
964 1300 1079 1355 Quia
1117 1316 1217 1353 ergo
1257 1302 1406 1344 veritas
1441 1303 1548 1355 Dei,
1591 1315 1631 1346 et

204 1383 411 1440 sapientia
442 1380 551 1439 ejus,
586 1391 626 1420 et
654 1380 833 1420 verbum
865 1376 952 1435 ejus
983 1378 1210 1420 adveniens
1240 1378 1376 1431 arguit
1406 1391 1446 1421 et
1477 1382 1630 1422 confu-

202 1461 304 1503 tavit
335 1476 465 1502 omne
492 1456 782 1507 mendacium,
814 1467 941 1511 atque
972 1472 1120 1497 omnes
1149 1457 1355 1498 falsorum
1381 1458 1630 1510 dogmatum

203 1538 453 1580 assertiones
483 1537 569 1578 fide
598 1534 782 1576 veritatis
814 1534 1006 1584 exsecuit,
1038 1550 1117 1590 per
1146 1536 1490 1591 unumquodque
1510 1552 1633 1577 men-

207 1615 399 1664 dacium,
437 1614 557 1669 quod
586 1612 704 1668 prius
736 1613 788 1653 ab
827 1611 1076 1653 hominibus
1116 1612 1254 1653 fuerat
1292 1623 1515 1662 assertum,
1555 1614 1632 1654 ab-

205 1691 384 1733 undavit
412 1690 562 1731 veritas
579 1689 665 1730 Dei
694 1687 964 1744 subreptitias
993 1687 1376 1730 verisimilitudines
1398 1691 1631 1741 arguendo,

208 1780 248 1810 et
276 1770 322 1810 in
350 1767 523 1819 singulis
555 1766 795 1822 quibusque
834 1766 1104 1816 dogmatibus
1144 1766 1354 1806 tradendo
1394 1766 1631 1822 simplicem

204 1847 307 1888 fidei
346 1845 584 1886 veritatem:
629 1854 668 1884 et
707 1843 791 1883 hoe
833 1843 968 1883 modo
1000 1843 1232 1898 Apostolus
1275 1842 1377 1884 dicit
1413 1843 1633 1886 veritatem

205 1923 293 1964 Dei
321 1923 367 1965 in
396 1921 626 1962 hominum
658 1919 884 1961 mendacio
917 1920 1166 1962 abundasse.
1225 1919 1385 1961 Verum
1400 1919 1445 1977 ⁶)
1481 1933 1528 1963 ut
1558 1923 1636 1963 ad-

206 2001 293 2041 hue
323 1997 584 2041 manifestius
613 1999 708 2047 fiat,
738 1997 858 2052 quod
889 1996 1089 2047 dicimus,
1119 1997 1260 2052 aliqua
1290 1998 1472 2053 exempli
1510 2015 1634 2040 causa

207 2078 490 2135 proferamus.
550 2075 656 2116 Erat
692 2074 738 2115 in
767 2073 1016 2116 hominibus
1054 2076 1229 2127 dogma,
1269 2075 1388 2130 quod
1415 2091 1635 2116 summum

208 2156 376 2197 bonum
420 2151 721 2210 pronuntiaret
765 2167 850 2193 esse
889 2153 1171 2208 voluptatem:
1214 2151 1260 2193 in
1308 2168 1394 2207 quo
1443 2163 1483 2193 et
1527 2152 1636 2193 illud

211 2242 522 2287 consequenter
552 2230 766 2278 asseritur,
796 2245 887 2271 non
919 2245 1005 2271 esse
1032 2229 1374 2286 providentiam,
1414 2229 1573 2286 quippe
1602 2229 1635 2270 si

208 2325 301 2349 non
333 2324 379 2348 ex
410 2307 585 2359 legibus,
613 2309 684 2349 sed
720 2322 766 2347 ex
797 2307 1015 2362 voluptate
1038 2307 1265 2348 vivendum
1295 2304 1433 2362 sit:⁷)
1464 2317 1503 2348 et
1532 2306 1635 2347 hacc

330 2488 375 2545 ¹)
408 2489 427 2528 I
457 2489 615 2531 Joann.
648 2489 698 2538 V,
729 2490 794 2533 19.
912 2491 960 2543 ²)
991 2489 1116 2530 Rom.
1149 2489 1223 2539 Ill,
1255 2490 1290 2532 7¹.

329 2558 376 2616 3)
408 2560 522 2601 Alias
553 2559 612 2614 (c.
643 2576 677 2599 c.
710 2559 753 2599 in
788 2560 881 2600 cdd.
913 2558 1020 2614 Μ.;)
1051 2565 1267 2610 „contra.“
1310 2559 1359 2599 1'1.

335 2629 381 2685 ⁴)
411 2629 494 2670 Ed.
526 2629 586 2669 M.
618 2627 655 2668 I:
689 2639 966 2683 occuparunt.

332 2700 378 2755 ⁵)
408 2699 561 2741 Mattln.
592 2699 753 2749 XXIV,
781 2700 849 2742 24.

333 2769 378 2824 ⁶)
413 2769 522 2812 Edd.
555 2769 749 2811 Mcrlini:
783 2770 942 2811 Verum
978 2780 1015 2811 ct
1046 2780 1089 2811 ut
1119 2770 1257 2811 adhuc
1292 2780 1368 2811 etc.

333 2841 376 2895 7)
410 2841 539 2883 Deest
571 2839 670 2891 „sit“
704 2839 745 2881 in
784 2842 846 2882 cd.
880 2839 927 2881 R.
