1788 3111
502 131 943 175 COMMENTARmRuM
974 132 1063 173 LIB.
1094 132 1125 172 Ι.
1467 133 1522 176 49

104 246 366 303 impietatem
398 258 437 288 et
465 247 750 303 iniquitatem;
779 262 859 288 nec
889 244 1031 287 tamen
1061 244 1106 286 in
1138 261 1285 286 omnes
1314 245 1523 297 homines,

102 325 177 366 sed
205 324 250 366 in
288 325 384 366 illos
424 326 558 374 solos,
601 323 674 379 qui
712 322 929 365 veritatem
957 323 1042 364 Dei
1078 323 1124 364 in
1157 321 1378 379 iniquitate
1416 324 1522 365 deti-

100 401 276 456 nent.¹)
345 401 513 455 Quibus
552 400 675 441 etiam
715 399 816 441 dicit
853 398 1124 441 manifestum
1174 416 1259 441 esse
1295 400 1363 451 id,
1403 404 1521 457 quod

99 489 251 517 notum
284 489 340 519 est
371 478 474 526 Dei,
516 478 739 518 ostendens
770 493 855 518 esse
886 477 1045 532 aliquid
1082 476 1189 526 Dei,
1220 478 1338 532 quod
1367 490 1519 519 notum

97 553 162 603 sit,
194 566 233 595 et
263 555 418 610 aliquid
454 553 552 610 ejus,
583 555 700 610 quod
731 553 923 605 ignotum
951 553 1014 594 sit.
1073 552 1190 593 Dicit
1221 569 1318 605 ergo
1345 555 1520 596 revelari

96 630 203 672 iram
235 631 318 672 Dei
347 631 432 680 his,
463 631 535 686 qui
567 630 779 671 veritatem
809 631 855 671 in
885 630 1105 685 iniquitate
1137 632 1335 672 detinent.
1395 631 1520 685 Quae

97 709 355 756 revelantur,
399 709 453 748 de
491 706 677 748 obscuris
719 717 758 747 et
795 706 1024 748 reconditis
1056 707 1109 746 ad
1147 707 1342 748 notitiam
1372 710 1519 762 profe—

96 795 258 826 runtur.
309 784 423 837 Quia
454 799 552 836 ergo
586 795 625 824 et
653 783 721 825 hic
750 800 843 824 non
872 783 1164 835 ignorantibus
1189 784 1416 834 veritatem,
1444 787 1518 826 sed

94 861 332 902 tenentibus
365 878 477 910 eam,
517 861 615 902 licet
652 861 763 901 male
801 861 1062 911 tenentibus,
1101 861 1164 902 ira
1194 860 1279 901 Dei
1309 862 1363 901 de
1393 862 1515 902 coelo

95 935 249 977 dicitur
287 937 486 987 revelari,
525 938 692 978 videtur
728 938 847 992 quod
864 937 909 994 2)
951 940 1187 979 secundum
1226 938 1436 979 rationem
1478 950 1518 978 et

91 1014 331 1063 scientiam,
370 1014 476 1056 iram
508 1013 592 1054 Dei
621 1013 928 1056 manifestatam
961 1015 1072 1056 dicat
1114 1031 1200 1056 esse
1239 1014 1324 1064 his,
1363 1015 1516 1070 quibus

90 1092 238 1131 veritas
268 1102 369 1131 nota
401 1102 480 1141 est,
516 1091 613 1131 licet
644 1107 736 1132 eam
765 1092 810 1132 in
841 1092 1062 1147 iniquitate
1093 1091 1320 1133 detineant.
1381 1091 1517 1145 Quod

91 1167 288 1222 quidem,
324 1179 371 1209 ut
402 1173 450 1209 e'x
483 1168 840 1223 consequentibus
872 1171 1131 1220 declaratur,
1173 1170 1227 1209 de
1254 1167 1514 1223 sapientibus

89 1242 214 1300 hujus
245 1244 417 1293 mundi,
462 1256 501 1285 et
541 1245 711 1287 eruditis
742 1247 806 1286 vel
842 1245 1111 1300 philosophis
1143 1245 1227 1287 dici
1256 1244 1514 1296 intelligitur,

88 1320 161 1374 qui
192 1336 291 1375 cum
320 1320 534 1363 veritatem
578 1335 617 1362 et
653 1321 852 1379 justitiam
885 1322 969 1363 Dei
1010 1322 1322 1374 cognovissent,
1361 1338 1451 1362 non
1466 1321 1513 1376 3)

86 1396 217 1445 „sicut
246 1397 390 1437 Deum
420 1398 878 1454 magnificave1·unt,4)
921 1411 992 1439 aut
1023 1399 1169 1449 gratias
1193 1409 1401 1449 egerunt,
1437 1399 1514 1438 sed

88 1485 348 1514 evanuerunt
378 1474 422 1513 in
455 1474 779 1524 cogitationibus
809 1475 947 1524 suis,“
988 1475 1178 1516 conversi
1210 1476 1262 1515 ad
1291 1475 1431 1526 idola3
1474 1486 1513 1516 et

84 1549 297 1598 „dicentes
315 1566 357 1590 se
381 1566 463 1590 esse
483 1551 702 1605 sapientes,
733 1551 844 1592 stulti
874 1552 971 1591 facti
993 1558 1126 1601 sunt,“
1159 1553 1257 1607 quia
1289 1569 1512 1602 „commu-

82 1635 276 1665 taverunt
306 1625 483 1677 gloriam
512 1626 847 1681 incorruptibilis
872 1628 955 1668 Dei
978 1628 1022 1668 in
1051 1628 1371 1670 similitudinem
1403 1629 1537 1670 ima-i

83 1700 187 1753 ginis
229 1701 414 1743 hominis
456 1703 830 1758 corruptibilis,⁵)
873 1716 912 1745 et
950 1707 1197 1754 volucrum,
1244 1716 1282 1745 et
1321 1706 1510 1760 quadru-

80 1780 266 1834 pedum,
303 1791 341 1819 et
370 1779 669 1834 serpentium.“
726 1779 776 1820 In
807 1782 960 1836 quibus
992 1781 1115 1822 etiam
1147 1782 1231 1822 hoc
1247 1781 1291 1838 6)
1324 1782 1509 1824 ostendit

81 1856 325 1911 Apostolus,
358 1857 477 1911 quod
509 1873 553 1897 ea
590 1857 776 1912 quidem,
808 1874 916 1912 quae
948 1859 1000 1898 ad
1027 1858 1236 1912 sapientes
1266 1860 1424 1900 saeculi
1455 1861 1507 1900 de

80 1932 259 1973 veritatis
289 1931 463 1973 scientia
491 1945 797 1989 pervenerunt,
827 1934 924 1974 Deo
957 1935 1168 1975 revelante
1197 1948 1507 1991 pervenerunt;

199 2070 243 2124 1)
273 2070 352 2110 Ed.
385 2071 434 2112 R.
465 2070 509 2111 in
540 2084 675 2113 textu:
707 2074 943 2123 „detinent:
977 2074 1167 2116 detinent
1197 2075 1393 2129 quidem,
1432 2077 1505 2116 sed

79 2126 125 2166 in
148 2124 348 2182 injustitia
368 2143 457 2167 eam
477 2129 704 2177 detinent,“
734 2130 777 2170 in
799 2132 929 2171 notis:
962 2132 1134 2179 „verbaz
1167 2130 1378 2170 detinent
1403 2133 1504 2186 qui-

80 2180 200 2237 dem,
235 2207 285 2212 —
314 2197 415 2221 eam
440 2182 665 2234 detinent,
702 2186 852 2226 omissa
882 2187 927 2226 in
949 2186 1066 2227 editis
1096 2187 1154 2241 (e.
1178 2204 1212 2227 c.
1230 2186 1275 2227 in
1294 2188 1388 2228 edd.
1405 2187 1503 2242 Μ),

81 2238 359 2280 restituuntur
391 2255 437 2278 ex
468 2239 565 2280 Mss.
599 2252 636 2280 et
666 2240 886 2282 Rabanof‘

144 2340 148 2365 ¹
195 2306 242 2358 2)
268 2307 347 2347 Ed.
381 2307 431 2348 R.
462 2309 505 2349 in
536 2321 670 2350 textu:
712 2313 854 2365 „quod
887 2311 1097 2352 rationem
1139 2324 1178 2352 et
1207 2312 1424 2354 scientiam
1458 2326 1504 2355 ut

76 2363 182 2404 iram
214 2363 324 2403 Dei“
356 2376 444 2413 etc„
475 2365 518 2405 in
549 2367 681 2407 notis:
714 2368 796 2415 „sic
825 2366 930 2408 Mse.
960 2365 1069 2408 unus
1100 2366 1199 2419 Reg.
1230 2386 1345 2409 num.
1379 2372 1500 2413 1640.

77 2421 196 2459 Alter
235 2419 333 2470 Reg.
365 2437 482 2461 num.
523 2422 643 2463 1641.
697 2422 820 2478 quod
870 2423 1115 2463 secundum
1171 2426 1402 2465 rationem
1456 2437 1502 2466 et

74 2477 318 2515 scienciam
352 2478 469 2516 iram
504 2476 594 2517 Dei
626 2490 700 2520 etc.
747 2479 912 2520 Caeteri
933 2479 1031 2521 Mss.
1067 2492 1107 2520 et
1124 2480 1344 2522 Rabanus:
1376 2482 1501 2538 quod

55 2533 306 2572 ..racionem
339 2543 384 2572 eL·
415 2535 659 2574 scienciam
693 2536 811 2574 iram
846 2535 937 2576 Dei
970 2549 1044 2577 etc.
1103 2536 1222 2577 Editi
1255 2540 1313 2588 (e.
1346 2554 1378 2579 c.
1403 2540 1498 2580 edd.

75 2587 182 2643 Μ.);
226 2588 348 2643 quod
382 2591 565 2630 ratione
597 2601 642 2631 ek
673 2593 870 2632 sciencia
904 2595 1022 2633 iram
1054 2592 1180 2633 Dei“
1213 2604 1287 2633 etc.

190 2657 235 2709 3)
266 2657 393 2699 Rom.
424 2658 457 2708 I,
487 2661 552 2701 21.
582 2663 648 2702 22.
680 2662 746 2703 23.

190 2726 235 2780 4)
266 2727 375 2769 Edd.
402 2728 597 2770 Merlini:
630 2730 982 2781 glorificaverunt,

190 2795 233 2848 ⁵)
263 2796 394 2838 Deest
436 2799 476 2840 h.
513 2800 562 2847 l.‚
607 2801 679 2841 cfr.
710 2816 752 2854 p.
781 2802 846 2843 53.
879 2813 968 2841 not.
999 2801 1058 2849 8.,
1101 2798 1420 2856 corruptibili}
1450 2801 1495 2842 in

74 2853 168 2894 edd.
197 2851 257 2892 M.
292 2863 330 2892 et
356 2853 405 2893 R.
532 2853 577 2910 6)
609 2856 740 2897 Deest
770 2857 908 2907 „hoc“
938 2856 982 2899 in
1013 2855 1107 2899 edd.
1138 2857 1325 2899 Merlini.

75 2928 297 2971 Onffinms
331 2928 504 2974 OPERA.
546 2931 667 2974 ΤοΜ.
698 2933 766 2975 Vl.
1216 2935 1244 2976 4
