1788 3111
502 108 942 152 Commmmmonum
974 109 1064 151 Lm.
1089 110 1140 150 ΙΙ.
1451 110 1532 154 127

118 223 280 265 dicens:
321 223 498 276 loquere
526 221 620 263 filiis
650 221 797 263 Israel:
837 221 977 264 anima
1006 221 1039 264 si
1073 224 1310 277 peccaverit
1335 239 1427 264 non
1456 240 1533 264 vo—

116 301 315 349 luntate,“
347 309 385 340 et
416 311 590 340 caetera.
639 297 755 339 Haec
779 309 817 339 et
847 299 1093 355 hujusmodi
1123 300 1213 354 quis
1235 300 1399 341 dubitet
1414 301 1532 354 quod

118 378 173 417 ad
202 377 316 418 solos
346 375 457 417 filios
485 374 612 417 Israel
649 373 994 429 mandentur?¹)
1043 375 1136 416 Alia
1172 394 1270 417 vero
1301 394 1391 417 non
1421 376 1534 432 ipsis,

118 454 190 494 sed
212 454 371 501 Aaron,
400 453 465 492 vcl
490 451 584 493 filiis
615 450 715 509 ejuS,
746 463 793 492 ut
823 451 923 493 dicit
939 453 982 493 in
1003 454 1376 508 consequentibus:
1403 466 1472 504 „et
1487 453 1534 510 2)

118 531 286 571 locutus
317 541 374 570 est
405 528 618 570 Dominus
649 530 700 569 ad
732 527 908 579 Mosen,
945 529 1109 571 dicens:
1144 530 1344 586 praecipe
1372 533 1535 581 Aaron,

119 619 159 647 et
187 606 281 648 filiis
314 606 412 661 ejus,
444 605 607 646 dicens:
640 606 743 646 haee
775 618 834 648 est
861 607 926 646 lex
955 606 1344 656 holocaustorum,“
1373 619 1413 647 et
1442 623 1535 647 cae-

122 696 232 735 tera3
269 694 307 723 ct
336 699 527 723 rursum:
569 682 821 738 ‚,10cutus³>
852 695 910 725 est
938 683 1153 725 Dominus
1183 685 1237 724 ad
1267 684 1440 734 blesen,
1471 684 1535 724 di-

121 777 240 801 cens:
281 761 457 814 loquere
492 761 637 800 Aaron
679 771 716 800 et
753 761 848 801 filiis
892 759 1000 816 ejus,
1042 761 1205 802 dicens:
1245 761 1349 801 haec
1382 772 1441 801 est
1469 763 1535 802 lex

120 834 300 891 peccati:
330 835 375 876 in
404 836 518 885 loco,
549 853 634 892 quo
666 835 947 897 jugulaverint
976 837 1295 887 holocaustum,
1323 837 1384 879 ibi
1411 837 1535 897 jugu-

121 914 270 953 labunt
298 929 378 968 pro
417 925 591 968 peccato
623 913 668 954 in
699 925 925 970 conspectu
957 915 1191 965 Domini;“
1232 927 1271 956 et
1298 916 1451 957 iterum
1482 918 1536 956 ad

121 992 292 1031 Aaron:
334 989 590 1045 „vinum,4)
629 991 787 1046 inquit,
826 1003 864 1031 et
900 992 1076 1033 siceram
1111 1009 1202 1033 non
1234 993 1383 1034 bibetis
1411 1004 1458 1033 tu
1497 1004 1538 1033 et

118 1066 194 1108 filii
226 1067 289 1108 tui
305 1078 458 1116 tecum,
488 1083 586 1108 cum
604 1067 848 1109 introieritis
864 1067 909 1110 in
929 1069 1248 1110 tabernaculum
1268 1070 1537 1111 testimonii.“

121 1145 213 1186 Alia
245 1157 382 1187 autem
414 1129 555 1199 neque
583 1146 753 1194 Aaron,
793 1162 935 1202 neque
971 1146 1065 1187 filiis
1102 1146 1229 1187 Israel
1268 1149 1540 1197 mandantur,

120 1224 194 1263 sed
223 1222 459 1263 senioribus
496 1222 624 1262 Israel
655 1222 738 1262 hoe
770 1224 928 1263 modo:
966 1223 1246 1278 ‚,loquere‚⁵)
1284 1224 1443 1280 inquit,
1484 1227 1538 1266 ad

123 1299 308 1340 seniores
339 1299 487 1347 Israel,
528 1297 691 1339 dicens:
733 1298 969 1354 accipitess)
1007 1299 1170 1340 hircum
1205 1317 1251 1341 ex
1291 1302 1426 1357 capris
1455 1319 1537 1357 pro

121 1380 341 1431 peccato,“
372 1385 412 1416 et
440 1385 613 1415 caetera.
671 1376 892 1432 Numquid
922 1376 1157 1425 dubitatur,
1194 1380 1312 1431 quod
1342 1378 1445 1419 haec
1473 1380 1538 1419 lex

124 1453 222 1494 solis
263 1451 502 1494 senioribus
539 1451 729 1492 filiorum
770 1452 896 1493 Israel
937 1453 1224 1508 praecipitur?
1280 1455 1365 1496 Sed
1407 1468 1447 1496 et
1487 1458 1540 1497 de

123 1527 293 1569 mundis
326 1539 366 1568 et
400 1527 633 1570 immundis
669 1528 921 1570 animalibus
949 1530 1138 1585 specialis
1166 1531 1446 1575 nihilominus
1473 1535 1541 1574 lex

123 1605 217 1646 filiis
247 1604 375 1645 Israel
406 1605 497 1645 dari
526 1605 701 1647 videtur.
756 1606 816 1646 Ita
847 1623 1034 1661 namque
1062 1606 1263 1662 scriptum
1293 1619 1370 1649 est:
1403 1621 1480 1658 „et
1496 1609 1541 1662 ⁷)

123 1682 289 1722 locutus
321 1692 378 1722 est
407 1680 622 1723 Dominus
652 1683 706 1722 ad
735 1680 890 1723 7Mosen
920 1694 959 1723 et
989 1685 1158 1732 Aaron,
1196 1685 1362 1725 dicens:
1399 1685 1541 1741 loquiss

125 1758 231 1799 mini
259 1757 352 1799 filiis
383 1757 530 1808 Israel,
562 1758 744 1799 dicentes
759 1756 805 1814 8)
845 1759 899 1799 ad
939 1775 1029 1800 eos:
1068 1759 1171 1801 haec
1200 1773 1297 1802 sunt
1329 1762 1542 1814 animalia,

125 1851 234 1890 quae
262 1835 630 1885 manducabitis‚“
669 1847 707 1876 et
742 1836 916 1890 reliqua.
976 1836 1046 1877 Sic
1076 1852 1174 1887 ergo
1216 1839 1340 1879 etiam
1379 1840 1432 1880 de
1462 1840 1543 1880 cir-

126 1910 399 1962 cumcisione,
430 1911 553 1968 ve19)
585 1913 629 1953 in
651 1913 728 1962 his,
759 1928 867 1968 quae
897 1915 949 1954 ad
973 1914 1193 1954 Abraham
1214 1932 1412 1971 responsa
1434 1928 1543 1967 sunt,

127 1990 193 2029 vel
223 1988 268 2029 in
298 1990 381 2039 his,
422 2006 531 2045 quae
559 1989 605 2031 in
634 1989 819 2031 Levitico
852 1989 1144 2040 continentur,
1173 2008 1265 2033 non
1296 1993 1398 2033 alius
1429 1993 1542 2047 quis—

127 2080 255 2119 quam
296 2065 626 2108 circumcisionis
674 2068 764 2119 lege
804 2067 1123 2118 constringitur,
1178 2068 1259 2109 nisi
1301 2068 1352 2109 sit
1391 2070 1455 2109 vel
1495 2085 1542 2110 ex

128 2141 348 2182 Abraham
389 2142 594 2194 originem
634 2143 826 2192 trahens,
867 2144 931 2183 vel
973 2144 1222 2185 vernaculus
1260 2161 1430 2194 eorum,
1474 2156 1545 2186 aut

128 2217 265 2271 pretio
297 2228 442 2259 emtus.
501 2219 574 2260 Vis
604 2230 744 2260 autem
775 2219 937 2268 videre,
977 2220 1098 2275 quia,
1139 2219 1273 2261 sicubi
1303 2222 1389 2262 vult
1418 2221 1542 2263 etiam

248 2355 290 2411 ¹)
320 2357 430 2398 Edd.
461 2356 655 2398 Merlini:
685 2360 954 2400 mandantur.

245 2424 292 2482 2)
324 2426 489 2468 Levitic.
521 2427 594 2477 VI,
623 2430 660 2471 8.
691 2429 729 2470 9.
846 2428 892 2485 3)
925 2429 1090 2470 Levitic.
1121 2429 1191 2480 VI,
1220 2431 1288 2473 24.
1315 2432 1384 2473 25.

245 2495 291 2551 4)
320 2497 490 2538 Levitic.
521 2497 576 2546 X,
606 2498 645 2540 9.
762 2498 806 2553 ⁵)
836 2499 1003 2540 Levitic.
1032 2500 1108 2549 IX,
1138 2501 1177 2543 3.

247 2567 292 2620 6)
322 2567 435 2608 Edd.
467 2567 661 2608 Merlini:
694 2569 881 2624 accipite,
909 2569 1058 2626 inquit,
1088 2557 1266 2611 hircum.

252 2634 297 2689 ⁷)
326 2637 492 2678 Levitic.
526 2638 601 2689 XI,
633 2642 669 2682 1.
699 2640 739 2681 2.

249 2702 295 2759 ⁸)
324 2704 404 2747 Ed.
433 2706 496 2748 M.
525 2707 576 2748 II.
606 2709 736 2750 male:
768 2708 909 2751 dicens
934 2711 986 2750 ad
1018 2725 1100 2751 eos.

251 2771 296 2828 9)
327 2774 490 2817 Desunt
518 2778 667 2819 verba:
697 2779 796 2827 „vel
829 2779 872 2819 in
903 2778 979 2826 his,
1010 2795 1117 2834 quae
1147 2780 1199 2820 ad
1232 2779 1447 2821 Abraham
1478 2796 1544 2820 re-

135 2844 288 2883 sponsa
316 2837 449 2881 sunt,“
477 2833 521 2876 in
554 2835 616 2876 ed.
650 2832 932 2878 Genebrardi.
971 2834 1019 2875 R.
