1788 3111
182 112 271 158 328
525 111 748 155 Omenms
778 123 827 155 m
855 111 934 154 ΕΡ.
964 121 1025 154 An
1057 108 1287 156 Rommos

188 222 348 278 cum¹)
376 221 608 277 imaginem
644 224 804 267 terreni
832 236 1000 281 portat,
1042 235 1083 266 et
1120 227 1356 268 secundum
1388 225 1617 280 imaginem

185 300 344 343 terreni
374 301 579 354 ambulat,
611 319 785 346 carnem
817 302 992 355 cogitat,
1037 313 1078 344 et
1107 318 1217 358 quae
1247 303 1384 346 carnis
1411 316 1510 346 sunt
1550 322 1617 348 sa—

184 379 262 435 pit,
294 390 335 420 et
364 378 430 420 vix
464 379 698 436 aliquando
730 391 802 430 est,
830 390 878 420 ut
907 390 1180 421 convertatur
1209 381 1263 422 ad
1292 380 1548 432 Dominum,
1579 393 1620 423 et

183 456 336 512 spiritu
363 455 449 497 Dei
478 469 649 509 agatur,
695 469 824 513 atque
852 457 1026 499 effectus
1053 456 1280 513 spiritualis
1313 457 1389 500 fiat
1414 460 1618 509 „novissi-

183 550 279 576 mus
294 532 341 590 2)
373 535 513 575 Adam
542 534 647 589 in3)
675 534 873 590 spiritum
908 533 1228 576 vivificantem.“
1283 534 1473 591 Require
1502 551 1618 586 sane,

183 609 389 665 quoniam
420 625 501 666 per
538 627 675 652 unum
691 609 737 666 4)
777 609 1001 652 hominem
1041 611 1087 652 in
1128 612 1244 653 hunc
1273 614 1485 654 mundum
1516 611 1619 653 dicit

181 686 379 729 introisse
422 698 672 742 peccatum,
722 699 762 728 et
802 699 963 729 certum
997 700 1079 738 est,
1122 690 1220 744 quia
1252 689 1322 730 hic
1351 691 1618 739 „mundum“

182 775 402 805 terrenum
433 764 550 804 hunc
583 764 772 819 appellat
800 764 960 815 locum,
989 765 1034 807 in
1067 783 1152 822 quo
1186 766 1381 808 homines
1409 765 1616 813 habitant,

181 842 216 884 si
243 841 288 882 in
319 842 442 882 nullo
486 840 569 882 alio
609 841 710 882 loco
742 841 930 883 introivit
960 856 1198 899 peccatum,
1229 859 1370 899 neque
1398 843 1441 884 in
1473 842 1553 883 illis
1571 840 1615 897 5)

179 918 287 960 locis
316 917 542 967 invenitur,
573 917 649 958 ubi
679 917 939 974 „spiritualia
959 920 1005 976 5)
1036 922 1251 978 nequitiae
1271 922 1317 963 in
1339 919 1616 961 coelestibus“

178 995 473 1037 nominantur.
534 994 622 1035 Sed
665 1006 706 1036 et
744 995 854 1036 illud
894 999 1010 1053 apud
1049 1011 1179 1040 temet
1216 999 1356 1054 ipsum
1388 1007 1616 1054 pertracta,

179 1073 297 1113 unde
335 1072 382 1113 in
412 1072 529 1112 hunc
561 1073 776 1113 mundum
818 1073 1008 1115 introivit
1037 1087 1274 1130 peccatum,
1305 1087 1378 1117 aut
1405 1075 1483 1117 ubi
1513 1086 1615 1124 erat,

176 1148 429 1204 priusquam
467 1148 552 1190 huc
582 1148 800 1199 introiret,
843 1162 915 1191 aut
952 1151 986 1192 si
1019 1152 1198 1193 omnino
1232 1165 1341 1202 erat,
1376 1153 1442 1192 vel
1471 1152 1504 1193 si
1535 1152 1616 1193 fuit

178 1237 276 1266 ante
304 1225 440 1274 illum,
471 1226 526 1266 ad
557 1242 686 1282 quem
719 1227 893 1268 dicitur:
924 1226 1146 1283 „usque⁷)
1177 1245 1261 1284 quo
1295 1229 1491 1271 inventae
1517 1241 1616 1271 sunt

176 1301 416 1357 iniquitates
462 1302 506 1343 in
547 1315 611 1358 te,
657 1315 696 1345 et
733 1315 916 1360 propter
954 1305 1040 1346 hoc
1070 1304 1236 1363 projeci
1269 1318 1310 1347 te
1340 1307 1385 1348 in
1414 1311 1613 1348 terram.‘¹

175 1378 312 1421 Nobis
343 1389 483 1419 autem
518 1381 572 1422 de
601 1380 664 1422 his
694 1397 786 1422 non
833 1392 891 1422 est
919 1393 1059 1423 tutum
1090 1384 1214 1438 plura
1247 1384 1472 1433 disserere,
1514 1399 1613 1425 cum

173 1456 395 1498 videamus
424 1457 685 1513 Apostolum
719 1457 783 1499 vix
798 1457 844 1515 ³)
874 1459 1044 1511 singulis
1077 1461 1181 1503 haec
1209 1462 1496 1518 perstrinxisse
1524 1477 1611 1502 ser-

174 1534 392 1576 monibus.
450 1534 561 1585 „Per
575 1533 620 1590 9)
651 1552 787 1576 unum
820 1551 919 1588 ergo
953 1537 1175 1580 hominem
1205 1551 1429 1595 peccatum
1458 1538 1611 1579 introi-

175 1610 233 1650 vit
265 1610 309 1651 in
341 1611 458 1652 hunc
486 1614 740 1654 mundum.“
779 1612 971 1658 Mundus
1003 1627 1156 1665 autem,
1185 1628 1233 1658 ut
1263 1616 1457 1667 diximus,
1485 1615 1612 1657 intel-

173 1686 368 1739 ligendus
399 1688 544 1744 est¹⁰)
578 1690 643 1731 vel
673 1691 817 1741 locus,
859 1690 905 1732 in
947 1708 1034 1747 quo
1069 1693 1262 1734 habitant
1292 1693 1516 1743 homines,
1545 1694 1609 1733 vel

172 1774 341 1806 terrena
381 1776 422 1806 et
462 1766 700 1823 corporalis
743 1768 849 1819 vita,
906 1767 950 1808 in
992 1785 1074 1824 qua
1113 1786 1230 1812 mors
1276 1769 1404 1811 habet
1442 1770 1609 1811 locum:

294 1924 338 1981 ¹)
369 1925 508 1967 Alias:
538 1942 664 1976 „cum
694 1927 739 1969 in
764 1927 950 1979 imagine
968 1929 1124 1970 terreni
1153 1931 1358 1980 ambulat,
1389 1942 1428 1971 et
1457 1946 1608 1972 secun-

173 1983 277 2024 dum
319 1983 550 2033 imaginem
590 1985 749 2025 terreni
790 1987 1022 2027 ambulat.“
1060 1985 1108 2026 R.
1155 2009 1208 2017 —-
1250 1986 1362 2028 Edd.
1408 1987 1606 2029 Men-lini:

171 2038 503 2151 „cum²{m1ag(i]ne
524 2041 905 2138 ῐεὲτξῖῃίίιῇῐηὺυίοῐ,
925 2054 965 2084 et
980 2044 1217 2084 secundum
1236 2068 1287 2075 —-
1309 2045 1539 2085 ambulat.“
1558 2043 1608 2087 R.

463 2112 523 2137 or.
640 2128 651 2146 ,
711 2111 748 2140 ς).

287 2164 334 2223 3)
367 2165 481 2208 Editi
512 2167 572 2223 (V.
605 2184 640 2208 c.
673 2169 768 2210 edd.
800 2166 907 2222 M.):
941 2168 1008 2218 „in
1040 2168 1189 2224 spiritu
1217 2169 1492 2213 vivificante.“
1526 2170 1576 2211 R.

287 2234 333 2292 ⁴)
364 2236 493 2277 Rom.
525 2237 576 2286 V,
611 2239 675 2282 12.
797 2238 843 2294 ⁵)
872 2237 984 2280 Edd.
1015 2239 1211 2280 Merlini:
1244 2240 1319 2283 his.

287 2303 334 2361 ὃ)
365 2306 521 2362 Ephes.
552 2306 626 2357 VI,
657 2308 723 2350 12.
844 2307 889 2364 ⁷)
923 2308 1010 2350 Csr.
1040 2309 1192 2352 Ezech.
1225 2311 1427 2362 XXVIII,
1459 2311 1524 2355 17.

285 2374 328 2429 8)
363 2375 434 2418 Sic
465 2376 657 2432 potiores
688 2377 787 2421 Mss.
816 2378 1020 2421 Rabanus
1052 2397 1172 2421 vero:
1217 2382 1309 2431 „vix
1351 2383 1404 2423 de
1432 2381 1605 2431 singulis

168 2433 275 2474 haec
306 2433 594 2488 perstrinxisse
632 2435 944 2477 sermonibus.“
1011 2436 1127 2478 Editi
1166 2437 1226 2493 (v.
1265 2455 1299 2478 c.
1338 2439 1402 2478 ed.
1443 2437 1503 2478 M.
1535 2437 1604 2493 1.),

168 2501 210 2530 ct
238 2488 344 2530 Msc.
377 2506 506 2530 unus:
538 2489 629 2539 „vix
658 2490 829 2542 singulis
861 2492 965 2533 haec
995 2494 1268 2548 pertransisse
1297 2494 1605 2536 sermonibus.“

167 2545 218 2587 R.
252 2570 302 2577 —
347 2545 426 2585 Ed.
469 2545 529 2585 Μ.
568 2545 627 2585 II:
669 2547 759 2596 „vix
799 2548 973 2600 singulis
1005 2550 1108 2590 hacc
1144 2550 1402 2605 pertransire
1441 2568 1603 2593 sermo-

167 2603 332 2644 nibus.“

286 2670 331 2727 9)
365 2672 489 2714 Rom.
523 2674 574 2723 V,
603 2674 668 2715 12.
700 2697 752 2705 —-
782 2673 898 2715 Editi
928 2673 987 2729 (v,
1007 2692 1040 2716 c.
1059 2676 1155 2721 edd,
1188 2674 1293 2730 M.):
1326 2677 1435 2726 „Per
1463 2694 1599 2718 unum

168 2728 418 2770 hominem“
449 2742 537 2780 etc„
560 2731 716 2773 omisso
750 2735 917 2782 ,‚erg0‚“
949 2733 1067 2786 quod
1095 2749 1172 2774 nce
1198 2733 1240 2777 iu
1259 2734 1471 2790 plerisque
1489 2734 1602 2783 Mss„

169 2801 248 2828 nec
279 2787 395 2840 apud
428 2785 654 2829 Rabanum
686 2787 933 2844 repcrhurf‘
965 2789 1013 2829 R.

264 2855 339 2910 Ι0)
373 2855 420 2897 1η
453 2856 574 2900 editis
605 2855 664 2913 (v.
699 2875 731 2901 c.
762 2857 805 2900 in
838 2859 931 2902 edd.
965 2858 1050 2915 M.)
1082 2859 1291 2903 omittitur
1323 2863 1444 2928 ”⁸⁵¹3“
1477 2858 1523 2900 R.
