1788 3111
495 172 936 217 Commnummoaum
964 174 1056 216 Lm.
1082 174 1135 216 11.
1470 178 1529 222 83

107 285 339 343 Scripturis
360 285 540 342 Spiritus
561 298 728 331 sanctus
759 296 939 344 propter
969 287 1062 339 hos,
1090 287 1164 343 qui
1195 287 1356 331 divitias
1373 288 1418 346 ¹)
1446 290 1527 333 bo·

105 363 245 406 nitatis
276 375 317 405 et
347 362 575 420 patientiae
605 361 694 420 ejus
725 374 1026 415 contemnunt,
1065 381 1157 407 non
1185 376 1327 407 tamen
1357 365 1527 422 penitus

107 439 299 484 abstulit:
343 440 443 496 quia
482 450 523 482 et
557 441 777 483 thesaurus
815 439 861 481 in
902 456 1003 494 agro
1046 442 1318 484 absconditus
1341 440 1388 499 ²)
1435 460 1525 485 non

106 518 280 575 quidem
312 519 364 559 ab
398 517 596 558 omnibus
623 516 850 566 invenitur,
879 534 935 559 ne
962 518 1087 560 facile
1116 517 1342 575 diripiatur
1362 530 1401 560 et
1428 536 1527 576 per-

108 606 194 637 eat:
234 594 447 636 invenitur
476 606 617 635 tamen
654 611 676 635 a
707 595 1013 650 prudentibus,
1054 595 1128 652 qui
1165 607 1345 651 possunt
1364 594 1410 653 3)
1453 597 1528 646 ire,

108 685 147 715 et
176 674 360 714 vendere
391 670 535 712 omnia
576 687 685 726 quae
723 671 901 722 habent,
946 683 986 714 et
1027 688 1167 714 emere
1206 687 1353 725 agrum
1391 673 1527 714 illum.

106 748 162 790 Et
199 749 303 790 haec
345 763 445 800 ergo
485 747 676 804 quamvis
716 748 968 791 abscondita
1007 749 1091 792 sint
1112 748 1158 805 ¹²)
1197 749 1243 791 in
1286 749 1529 805 Scripturis,

104 825 212 868 sicut
238 824 443 880 scriptum
475 835 554 866 est:
592 840 749 880 „quam
767 823 813 880 ⁵)
847 839 1000 877 magna
1029 825 1260 868 multitudo
1292 826 1529 870 dulcedinis

106 914 226 952 tuae,
264 901 475 951 Domine,
515 917 644 957 quam
676 901 935 944 abscondisti
968 902 1213 945 timentibus
1251 902 1347 946 te!“
1383 913 1527 944 tamen

105 977 381 1020 inveniuntur
409 979 462 1019 ab
494 976 571 1028 his,
600 978 674 1033 qui
703 994 793 1019 non
824 979 964 1020 solum
993 977 1165 1036 justum,
1193 981 1267 1022 sed
1291 979 1415 1022 etiam
1447 981 1528 1022 bo-

105 1072 212 1097 num
242 1071 327 1097 esse
356 1054 500 1096 Deum
530 1056 632 1106 legis
663 1066 703 1096 et
719 1055 764 1110 ⁶)
792 1055 1118 1112 prophetarum,
1151 1073 1198 1097 ex
1229 1057 1314 1107 his,
1344 1073 1454 1113 quae
1483 1057 1527 1098 in

106 1132 424 1188 Scripturarum
454 1132 654 1190 mysterio
673 1144 772 1174 sunt
796 1133 1020 1183 occultata,
1050 1134 1297 1176 defendunt.
1340 1133 1403 1175 Ex
1435 1134 1530 1191 qui-

106 1211 186 1252 bus
214 1208 435 1251 necessitas
464 1208 597 1260 exegit
623 1207 820 1265 pauca7)
857 1211 1097 1265 patefacere
1126 1211 1254 1263 gratia
1286 1210 1529 1267 exponendi

108 1287 405 1342 Apostolicum
434 1301 692 1337 sermonem,
722 1302 809 1341 quo
842 1286 918 1328 ait:
948 1285 1130 1344 ,‚justi⁸)
1161 1286 1309 1345 judicii
1328 1287 1427 1338 Dei,
1456 1287 1528 1343 qui

107 1365 258 1406 reddet
285 1362 518 1418 unicuique
546 1364 783 1404 secundum
815 1380 947 1418 opera
977 1370 1090 1405 sua.“

222 1441 260 1482 5.
303 1438 415 1489 „His
431 1435 476 1493 ⁹)
516 1437 714 1493 quidem,
753 1438 826 1494 qui
861 1442 1097 1482 secundum
1135 1442 1382 1497 patientiam
1422 1443 1529 1484 boni

111 1517 265 1573 operis,
284 1515 463 1568 gloriam
477 1526 517 1556 et
536 1515 746 1556 honorem
770 1527 810 1556 et
829 1515 1202 1572 incorruptionem
1222 1520 1464 1574 quaerunt,¹
1479 1520 1526 1575 ⁰)

108 1593 234 1633 vitam
265 1603 503 1633 aeternam:
534 1592 597 1634 his
629 1603 784 1642 autem,
814 1593 956 1648 quiex
980 1594 1267 1644 contentione,
1296 1606 1335 1636 et
1354 1595 1363 1618 ¹
1382 1594 1424 1650 ¹)
1457 1595 1530 1652 qui

109 1669 311 1711 diffidunt
348 1668 521 1724 quidem
563 1668 750 1718 veritati,
795 1669 1095 1725 obtemperant
1129 1680 1270 1712 autem
1307 1671 1530 1727 iniquitati,

107 1746 170 1788 ira
200 1757 241 1787 et
268 1744 528 1798 indignatio:
559 1757 599 1786 et
627 1744 846 1787 tribulatio
880 1757 920 1787 et
949 1746 1137 1798 angustia
1166 1747 1209 1787 in
1233 1763 1406 1788 omnem
1439 1748 1530 1789 ani-

108 1840 223 1866 mam
244 1822 431 1864 hominis
461 1822 674 1878 operantis
694 1823 871 1873 malum,
897 1823 1054 1865 Judaei
1081 1824 1269 1880 primum
1293 1836 1333 1865 et
1353 1823 1528 1867 Graeci:

109 1900 242 1955 gloria
272 1912 413 1942 autem
444 1911 484 1942 et
511 1900 657 1941 honor
687 1911 726 1941 et
754 1916 835 1955 pax
868 1901 987 1942 omni
1017 1901 1214 1958 operanti
1242 1902 1422 1952 bonum,
1450 1903 1529 1944 Ju-

111 1980 218 2021 daeo
248 1978 438 2034 primum
471 1990 512 2019 et
543 1975 733 2018 Graeco!
772 1977 871 2019 Non
903 1979 1016 2020 enim
1035 1994 1316 2034 personarum
1338 1979 1528 2034 acceptio

229 2111 272 2165 ¹)
302 2110 429 2151 Rom.
459 2109 513 2159 ΙΙ,
542 2112 580 2151 4.

226 2181 273 2236 ²)
303 2179 454 2221 Matth.
481 2178 599 2229 XIII,
630 2180 697 2221 44.
816 2180 861 2233 ³)
891 2180 971 2221 Ed.
1004 2180 1158 2221 Ruaei:
1188 2193 1376 2237 possunt.

227 2249 272 2306 ⁴)
304 2250 416 2291 Edd.
446 2248 640 2289 Merlini:
669 2260 777 2289 sunt.

228 2321 274 2375 ⁵)
304 2319 458 2362 Psalm.
488 2318 653 2368 XXXI,
684 2318 749 2362 19.
785 2318 974 2374 (ΧΧΧ.)

226 2389 273 2446 ⁶)
306 2389 378 2431 Sic
410 2405 557 2431 omnes
586 2388 687 2430 Mss.
744 2388 860 2429 Editi
890 2404 987 2429 vero
1021 2389 1081 2446 (e.
1114 2406 1148 2431 c.
1181 2391 1275 2431 edd.
1307 2391 1393 2446 M.)
1431 2408 1529 2447 per-

110 2463 278 2504 peram:
310 2457 376 2496 „et
404 2446 714 2501 prophetarum
744 2444 993 2487 testimoniis
1025 2462 1073 2487 ex
1102 2445 1192 2487 his“
1224 2458 1298 2490 etc.

229 2515 274 2571 ⁷)
303 2516 366 2558 Ita
397 2515 497 2556 editi
502 2514 586 2580 ·(e.
617 2531 651 2555 c.
685 2517 779 2557 edd.
811 2513 911 2571 M.)
941 2527 981 2557 et
1013 2515 1165 2558 rectius
1195 2517 1368 2571 quidem
1400 2533 1527 2572 quam

110 2573 210 2614 Mss.
244 2573 402 2621 nostri,
441 2571 514 2627 qui
545 2587 692 2612 omnes
721 2571 899 2612 habent:
939 2588 1101 2627 „pauca
1130 2574 1368 2629 patefaceie
1399 2590 1530 2628 expo-

111 2627 266 2678 nenti‚“
294 2644 420 2670 unus.
453 2628 814 2684 „exponentibus“
847 2639 922 2669 etc
953 2629 1002 2669 R.

226 2696 274 2752 ⁸)
306 2697 433 2740 Rom.
463 2696 583 2746 115.
613 2696 653 2739 6
771 2696 1058 2752 &Rom-1I
1090 2698 1259 2741 7-11

203 2766 275 2821 ¹0)
305 2767 417 2809 Edd.
448 2766 642 2808 Merlini:
674 2768 986 2823 quaerentibus.

203 2835 274 2889 ¹¹)
303 2834 418 2876 Editi
459 2837 517 2891 (e.
549 2854 583 2877 c.
614 2839 710 2879 edd.
744 2836 854 2892 ΜΛ)
899 2849 972 2886 „et
1018 2837 1092 2893 qui
1131 2855 1222 2879 non
1261 2839 1531 2894 acquiescunt

115 2891 313 2935 veritat1“
373 2891 459 2933 Sed
492 2909 639 2934 omnes
669 2893 768 2935 Mss.
796 2905 843 2934 ut
870 2910 914 2934 ln
943 2905 1090 2935 nostro
1123 2906 1245 2936 textu.
1284 2895 1319 2935 R

1136 2971 1199 3011 6)(-
