1788 3111
231 121 314 167 124
567 118 788 163 Omonms
816 130 864 162 m
891 118 971 161 ΕΡ.
1001 129 1061 161 An
1093 109 1318 163 RomAizo's

231 248 359 276 carne
395 232 607 290 praeputii
644 233 709 275 sui
749 233 817 275 die
848 244 1022 285 octavo,
1065 232 1413 275 exterminabitur
1451 232 1592 276 anima
1614 234 1657 292 Ι)

229 313 301 354 illa
334 313 386 353 de
418 325 571 362 genere
607 327 710 361 suo,
749 311 848 366 quia
887 321 1186 353 testamentum
1223 326 1368 353 meum
1405 311 1656 368 dissipavit.“

227 391 329 431 Non
360 405 440 430 nos
479 399 621 430 tamen
649 389 778 429 latere
810 389 959 438 debet,
1000 389 1120 443 quod
1149 387 1194 428 in
1226 386 1315 429 aliis
1346 389 1657 444 exemplaribus

1210 469 1233 488 “
1262 464 1307 506 in
1338 465 1424 506 hoc
1457 466 1659 508 duntaxat

227 483 322 508 non
344 466 582 520 habetur2)
614 465 824 521 positum:
854 476 1030 515 „octavo
1048 464 1093 520 3)
1126 464 1206 515 die,

228 544 344 585 loco.
401 542 505 583 Item
545 542 589 583 in
629 541 814 582 Levitico
852 542 1056 597 scriptum
1098 554 1176 584 est:
1216 553 1292 592 „et
1307 540 1352 598 ⁴)
1393 543 1559 584 locutus
1598 554 1657 585 est

229 621 445 662 Dominus
478 622 532 661 ad
563 619 717 660 Mosen
750 618 914 660 dicens:
955 620 1135 674 loquere
1163 619 1259 661 filiis
1288 620 1437 668 Israel,
1471 630 1510 659 et
1541 619 1655 661 dices

229 699 284 739 ad
305 714 399 739 eos:
433 696 600 745 mulier,
630 712 911 752 quaecunque
936 696 1166 758 susceperit
1184 712 1342 746 semen,
1373 708 1412 737 et
1439 696 1655 751 pepererit

225 776 477 824 masculum,
505 773 730 814 immunda
762 772 840 813 erit
856 783 1017 828 septem
1041 773 1210 815 diebus:
1241 775 1478 814 secundum
1511 772 1658 828 dies5)

226 851 492 909 purgationis
531 850 758 891 immunda
799 849 886 892 erit.
955 849 1012 890 Et
1060 849 1129 891 (lie
1178 861 1330 891 octavo
1379 849 1658 892 circumcidet

227 945 399 971 carnem
430 926 646 984 praeputii
675 925 774 984 ejus,
806 937 845 967 et
873 926 1040 978 triginta
1075 927 1212 968 tribus
1242 927 1390 969 diebus
1419 926 1583 969 sedebit
1611 926 1657 967 in

224 1006 429 1058 sanguine
465 1022 542 1047 suo
585 1004 856 1046 immunda.“
925 1003 1044 1045 Haec
1086 1004 1258 1059 quidem
1297 1006 1350 1046 de
1392 1005 1483 1057 lege
1521 1003 1655 1045 Mosis

223 1081 464 1127 testimonia
506 1080 739 1137 posuimus.
800 1081 996 1122 Salvator
1032 1098 1132 1122 vero
1174 1081 1219 1122 in
1257 1080 1488 1132 Evangelio
1522 1079 1653 1135 ait,⁶)

225 1160 594 1204 circumcisionem
640 1162 834 1214 accipere
875 1159 1097 1201 hominem
1141 1158 1186 1199 in
1227 1160 1429 1207 sabbato,
1475 1169 1514 1199 et
1560 1173 1655 1198 non

222 1239 330 1283 solvi
358 1239 494 1289 legem
526 1236 684 1287 Mosis3
725 1247 763 1276 et
794 1236 895 1277 dicit
926 1253 1019 1277 eam
1052 1252 1099 1277 ex
1129 1236 1323 1291 patribus
1354 1251 1457 1285 esse,
1487 1245 1526 1275 et
1556 1245 1654 1275 ante

219 1319 374 1360 Mosen
407 1317 563 1356 datam.
624 1311 756 1369 Cujus
783 1314 1015 1354 sententiae
1045 1312 1316 1362 auctoritate,
1363 1312 1490 1354 simul
1521 1322 1562 1352 et
1589 1311 1654 1352 le-

220 1395 324 1448 galis
361 1390 577 1449 praecepti
622 1389 820 1442 gravitate
859 1389 1069 1447 permoti,
1117 1390 1242 1431 etiam
1281 1401 1381 1445 post
1420 1391 1650 1431 adventum

217 1474 321 1515 Jesu
350 1469 459 1513 suasi
485 1479 584 1512 sunt
623 1467 798 1523 quidam
841 1467 1114 1517 circumcidi,
1152 1485 1250 1508 cum
1281 1478 1415 1509 essent
1451 1483 1499 1508 cx
1532 1465 1651 1508 Gen·

218 1552 343 1593 tibus.
393 1547 478 1590 Alii
505 1562 606 1587 vero
639 1547 930 1587 horrescentes
952 1547 1124 1601 pondus
1146 1545 1377 1601 praecepti,
1406 1545 1651 1596 refugerunt

218 1627 387 1685 penitus
420 1625 542 1666 etiam
576 1625 628 1665 ab
659 1624 758 1678 ipsis
787 1624 968 1674 legibus,
1008 1622 1054 1663 in
1085 1621 1239 1677 quibus
1269 1623 1372 1663 haec
1401 1621 1558 1676 scripta
1588 1620 1648 1661 vi-

219 1707 453 1751 debantur,
492 1701 550 1742 ita
590 1711 637 1740 ut
665 1711 865 1755 putarent
902 1700 1005 1740 haec
1035 1716 1126 1740 non
1158 1715 1243 1741 esse
1275 1699 1381 1757 boni
1411 1699 1495 1739 Dei
1525 1715 1647 1738 man-

219 1785 328 1830 data,
358 1796 437 1821 nec
459 1776 558 1833 ejus,
590 1793 699 1832 quae
720 1775 938 1818 Dominus
961 1788 999 1816 et
1020 1776 1217 1818 Salvator
1238 1788 1382 1818 noster
1399 1776 1649 1833 praedicare

216 1859 405 1901 venisset.
462 1855 518 1895 Et
547 1854 644 1895 ideo
677 1852 783 1894 mihi
812 1854 981 1894 videtur
1011 1854 1254 1905 diligentior
1282 1854 1327 1894 in
1358 1853 1510 1894 talibus
1542 1852 1648 1894 locis

217 1935 462 1987 adhibenda
494 1930 716 1978 discussio,
753 1929 786 1972 si
816 1929 868 1971 sit
899 1930 1060 1987 aliquid
1088 1930 1131 1971 in
1164 1930 1413 1987 hujusmodi
1441 1931 1644 1971 mandato

217 2010 405 2057 utilitatis
439 2009 562 2051 etiam
593 2008 828 2049 secundum
860 2006 1048 2049 literam:
1085 2020 1122 2049 et
1150 2008 1183 2050 si
1213 2008 1276 2058 sit,
1294 2007 1338 2064 ⁷)
1365 2008 1517 2063 quibus
1543 2006 1648 2048 utile

216 2092 288 2140 sit,
318 2090 383 2129 vel
415 2102 541 2143 quem
573 2087 627 2126 ad
656 2086 785 2126 finem
816 2087 963 2127 tendat
993 2085 1080 2143 ejus
1110 2085 1284 2136 utilitas,
1320 2095 1392 2127 aut
1419 2084 1454 2127 si
1484 2083 1645 2139 aliquid

214 2166 358 2209 utilius
390 2163 619 2216 figuraliter
646 2162 869 2204 indicetur.
928 2162 1060 2215 Igitur
1089 2174 1326 2218 repetentes
1357 2178 1428 2213 ea,
1458 2178 1568 2218 quae
1598 2177 1645 2202 ex

336 2291 379 2346 ¹)
409 2290 488 2330 Ed.
509 2288 591 2329 Rs
579 2307 623 2330 m
641 2288 753 2330 notis
777 2289 905 2330 textui
925 2287 1142 2344 subjectis:
1166 2290 1292 2339 „editi
1310 2289 1367 2345 (c.
1383 2305 1415 2330 c.
1429 2289 1522 2329 edd.
1534 2286 1642 2342 MA)

214 2349 403 2401 „anima
438 2345 523 2386 illa
558 2344 613 2386 cle
634 2361 802 2401 oenere
827 2360 922 2387 suo.
971 2346 1093 2389 Mss.:
1126 2345 1204 2386 ille
1226 2347 1282 2387 cie
1299 2344 1475 2410 populo
1494 2358 1605 2388 su0;
1598 2350 1641 2367 '⁴‘

217 2406 366 2446 eadem
399 2414 540 2443 tamen
573 2419 612 2455 p.
644 2402 739 2444 401.
777 2403 822 2444 in
852 2403 1074 2445 Addendis
1106 2415 1146 2443 et
1175 2401 1640 2453 C0r1igendis:„loco

217 2460 336 2501 edici
366 2461 456 2510 lege
487 2457 637 2507 Mun,
681 2471 720 2499 ct
750 2460 849 2500 loco
884 2458 1008 2499 Ilslss.
1038 2461 1128 2511 lege
1159 2457 1323 2500 editi.“
1354 2456 1438 2512 (Ρ)
1468 2478 1521 2486 —-
1554 2455 1642 2496 Cfr.

215 2517 366 2559 Genes.
397 2515 542 2563 XVII,
572 2515 638 2558 14.

331 2584 377 2642 ²)
413 2586 526 2626 Edd.
557 2583 752 2624 Nlerlini:
786 2584 928 2624 habet.
1043 2584 1088 2639 ³)
1123 2584 1274 2626 Genes.
1304 2582 1441 2634 XVII,
1473 2582 1537 2627 1⁴1,

330 2656 377 2710 ⁴)
406 2654 535 2696 Levit.
565 2653 662 2703 ΧΠ,
695 2653 835 2698 1-4,

331 2725 376 2781 ⁵)
407 2726 520 2767 Edd.
549 2722 743 2765 Merlini:
779 2723 904 2765 diem.
952 2723 1039 2765 Cn.
1063 2723 1190 2766 lexit.
1224 2723 1321 2774 Xll²
1350 2723 1389 2769 2

330 2797 376 2852 ⁶)
407 2797 482 2836 Ev.
513 2796 671 2837 Joann.
701 2793 794 2844 Vll,
825 2795 893 2836 22.
921 2795 989 2838 23.

332 2867 376 2921 ⁷)
407 2867 490 2909 Ed.
521 2865 656 2907 Ruaci
686 2865 798 2908 sola:
831 2864 924 2908 siut.
