1788 3111
447 102 917 144 COMMNENTAMORUM
947 99 1040 141 Lm.
1064 99 1140 142 IV.
1428 101 1512 144 267

99 227 207 266 sunt,
238 227 440 271 tanquam
475 231 520 255 ea
553 229 661 270 quae
689 218 828 254 sunt.“
886 212 1001 255 Inter
1033 229 1106 255 eos
1135 212 1271 263 enim,
1309 213 1380 269 qui
1410 224 1518 261 sunt,

100 295 144 335 id
177 305 248 342 est,
278 291 350 347 qui
377 291 744 348 participationem
765 289 923 330 habent
952 287 1052 346 ejus,
1084 289 1156 344 qui
1188 300 1258 339 est,
1288 290 1519 339 Abraham,

101 382 140 412 et
160 370 286 419 Isaac,
319 381 358 410 et
386 369 538 418 Jacob,
569 379 609 409 et
640 366 792 407 caeteri
821 366 952 408 sancti
981 378 1272 407 numerantur.
1323 366 1456 420 Quod
1486 367 1520 409 si

106 446 264 487 Gentes
298 447 511 487 credendo
546 444 590 485 in
621 445 750 485 fidem
783 443 957 484 veniunt
975 442 1223 492 Abraharni,
1255 459 1519 499 consequeu-

103 536 164 564 ter
203 523 451 579 pronuntiat
500 518 817 575 ApostoluS‚¹)
865 521 983 575 quod
1025 519 1142 560 Deus
1182 520 1392 560 vocaverit
1429 538 1518 570 „ea,

101 616 209 656 quae
249 617 337 641 non
377 609 492 644 sunt,
532 609 733 652 tanquam
773 612 819 637 ea
853 614 960 652 quae
1003 601 1138 639 sunt.“
1196 596 1339 638 Potest
1377 609 1519 638 tamen

102 678 225 718 etiam
255 676 362 717 illud
393 673 564 722 advertI,
593 684 639 713 ut
669 674 711 713 in
743 674 826 714 hoc
856 674 955 715 loco
987 689 1081 725 erga
1111 675 1256 716 laudes
1287 674 1369 715 Dei
1401 677 1520 730 Apo-

100 754 230 795 stolus
260 753 379 794 latius
407 751 600 791 videatur
629 751 796 799 effusus,
828 762 867 791 et
894 750 1062 792 initium
1093 750 1256 806 primae
1288 751 1374 808 ejus
1404 768 1521 793 erea-

103 841 221 869 turae
260 845 355 869 cum
399 826 680 868 admiratione
719 843 996 877 memorasse,
1023 822 1132 868 'cum
1174 845 1220 869 ex
1256 827 1391 869 nihilo
1436 845 1520 870 esse

102 906 201 946 fecit
232 904 444 952 universa,
483 915 522 944 et
565 920 635 952 ea,
668 920 777 959 quae
815 921 904 945 non
938 916 1076 954 erant,
1114 907 1266 947 virtute
1303 906 1520 961 potentiae

103 998 214 1031 suae,
242 993 444 1037 tanquam
477 997 586 1036 quae
617 993 750 1022 essent
780 993 818 1022 et
843 981 1125 1029 subsisterent,
1157 983 1364 1024 evocavit:
1396 995 1435 1023 et
1464 982 1519 1024 ita

102 1058 139 1099 ei
167 1059 209 1099 in
244 1061 430 1100 creando
469 1057 578 1099 nihil
623 1057 748 1099 fuisse
779 1057 973 1105 difficile,
1004 1057 1134 1111 ut,²)
1174 1075 1270 1099 cum
1303 1058 1409 1099 nihil
1439 1059 1522 1100 exi-

103 1147 241 1184 steret,
275 1134 418 1176 omnia
449 1134 588 1176 subito
633 1145 779 1175 vocata
810 1134 866 1175 ita
908 1134 1143 1183 affuissent,
1179 1147 1382 1191 tanquam
1413 1153 1522 1192 quae

101 1228 268 1266 semper
298 1211 536 1253 exstiterint.
594 1210 764 1264 Quodsi
796 1209 885 1265 quis
915 1210 1039 1251 nobis
1060 1210 1234 1267 objiciat
1263 1211 1381 1253 illum
1402 1215 1521 1268 Apo-

101 1288 197 1329 stoli
227 1304 491 1336 sermonem,
536 1304 662 1342 quem
694 1289 747 1328 ad
779 1286 1026 1329 Corinthios
1055 1287 1213 1337 scribit,
1242 1289 1378 1345 ubi3)
1409 1290 1521 1340 dicit,

103 1363 198 1418 quia
230 1363 564 1413 „contemtihifia
579 1363 625 1420 4)
656 1364 807 1405 mundi
837 1363 958 1414 elegit
976 1363 1106 1414 Deus,
1139 1364 1235 1419 et5)
1296 1382 1403 1420 quae
1430 1384 1521 1407 non

102 1452 220 1488 sunt,
269 1452 314 1481 ut
346 1457 413 1489 ea,
464 1458 572 1496 quae
601 1452 717 1489 sunt,
763 1443 1014 1483 destrueret:
1035 1440 1079 1495 6)
1123 1453 1170 1481 ut
1198 1458 1287 1482 non
1321 1443 1522 1493 glorisstur

104 1510 241 1558 omnis
274 1534 371 1557 caro
404 1534 548 1558 coram
581 1518 728 1557 De0:“
761 1529 799 1558 et
830 1516 996 1572 dicat7)
1042 1520 1278 1559 secundum
1310 1519 1419 1560 hanc
1452 1536 1520 1560 ex-

102 1593 357 1648 positionem
389 1611 477 1634 nou
510 1596 750 1642 convenire,
779 1606 824 1634 ut
855 1594 1011 1636 destrui
1042 1595 1235 1636 dicantur
1276 1611 1384 1650 quae
1411 1609 1521 1646 sunt,

103 1687 200 1711 eum
233 1688 303 1720 ea,
347 1687 455 1725 quae
477 1688 565 1712 non
598 1683 707 1721 sunt,
739 1671 926 1726 electass)
969 1671 1071 1712 sint:
1103 1671 1289 1712 dicemus
1321 1673 1372 1712 ad
1405 1673 1522 1722 haec,

103 1747 201 1803 quia
232 1748 275 1788 in
306 1747 379 1788 illo
412 1750 510 1789 loco
543 1750 645 1790 alios
678 1749 780 1790 dixit
809 1765 892 1799 eos,
923 1748 995 1803 qui
1023 1761 1132 1798 sunt,
1163 1759 1203 1788 et
1232 1749 1335 1790 alios
1365 1750 1408 1789 in
1438 1750 1529 1791 hoc'

104 1826 240 1880 capite
269 1824 313 1864 in
344 1826 519 1880 epistola
551 1828 604 1867 ad
636 1826 867 1867 Romanos.
926 1825 1168 1867 Declaravit
1205 1826 1314 1866 enim
1348 1828 1402 1867 ad
1435 1827 1521 1868 Co-

103 1902 304 1951 rinthios,
344 1901 440 1957 quia
483 1905 534 1944 de
576 1903 637 1944 his
679 1904 856 1951 diceret,
895 1919 1002 1957 quos
1031 1920 1160 1958 supra
1192 1915 1520 1950 enumeraverat,

224 2073 267 2128 1)
299 2074 424 2114 Rom.
453 2075 526 2123 IV,
557 2076 622 2117 17.

219 2142 354 2198 ’2)Ιιει
394 2143 499 2184 Msc.
539 2161 647 2185 unus
696 2144 798 2196 Reg.
835 2162 951 2187 num.
984 2147 1123 2194 1639„
1170 2146 1370 2188 Rabanns
1409 2163 1523 2212 vero,

110 2199 221 2248 editi,
253 2210 292 2239 et
321 2199 419 2241 Mss.
453 2199 647 2253 quidam:
688 2212 760 2249 „ut
802 2217 897 2241 cum
942 2202 1048 2242 nihil
1079 2203 1284 2251 existeret,
1314 2203 1388 2258 (al.
1422 2205 1523 2243 exi-

107 2255 302 2310 sterent)
333 2254 476 2296 omnia
505 2255 643 2296 subito
678 2268 825 2298 vocata
856 2257 912 2298 ita
949 2258 1115 2300 affuisse
1144 2260 1219 2313 (al.
1261 2261 1329 2298 ica
1350 2256 1522 2314 fuisse,

108 2313 159 2352 al.
188 2313 255 2351 ica
289 2322 337 2351 uc
356 2308 535 2366 juisse)
567 2323 766 2367 tanquam
790 2330 896 2367 quae
920 2331 1088 2369 semper
1108 2315 1370 2356 exstiterint.“
1404 2317 1449 2356 [t.
1468 2341 1522 2347 —

107 2367 441 2410 Edd.Me1-lini:
479 2379 525 2408 ut
566 2385 659 2408 cum
700 2369 805 2409 nihil
846 2371 1083 2420 existcient,
1122 2384 1161 2412 et
1201 2372 1344 2412 omnia
1382 2374 1520 2415 subito

112 2436 257 2466 vocata
288 2425 342 2465 ita
363 2424 529 2465 affuisse
555 2435 754 2480 tanquam
786 2442 894 2481 quae
923 2445 1090 2483 semper
1120 2427 1355 2469 exstiterint.

229 2493 273 2549 3)
304 2495 383 2534 Ed.
415 2493 476 2534 M.
508 2494 567 2534 ll:
602 2496 664 2535 vel
697 2495 808 2536 dicit.
938 2496 983 2550 4)
1015 2498 1033 2537 Ι
1066 2496 1165 2539 Cor.
1197 2498 1227 2547 I,
1256 2499 1323 2541 28.
1353 2499 1420 2541 29.

223 2562 267 2618 5)
299 2564 575 2605 Desideratur
604 2570 695 2614 „et“
725 2565 768 2605 iu
802 2567 896 2606 edd.
928 2566 987 2607 'M.

227 2633 272 2684 6)
303 2634 412 2675 Edd.
445 2634 643 2675 Mei-lini:
673 2637 953 2678 destruantur.

228 2702 272 2755 Ἰ)
303 2703 410 2745 Edd.
441 2704 636 2745 Merlini:
669 2706 778 2746 dicit.

228 2771 272 2825 ὃ)
305 2772 364 2813 Ita
407 2789 552 2816 omnes
590 2774 688 2815 τΔΙεε.
725 2776 879 2824 nostri,
923 2790 960 2817 et
1004 2777 1212 2817 Rabanus.
1270 2777 1384 2818 Editi
1424 2796 1521 2818 vero

82 2819 84 2821 V
118 2828 174 2882 (e.
206 2844 239 2868 c.
271 2828 363 2868 edd.
406 2828 511 2883 Μ.);
552 2842 722 2880 „vocata
764 2838 899 2873 sunt.“
929 2832 976 2874 R.
1011 2857 1061 2864 --
1100 2832 1185 2873 Csr.
1216 2833 1231 2872 l
1267 2832 1367 2875 Cor.
1402 2834 1427 2883 Ι,
1455 2837 1522 2876 Ζδ.
