1788 3111
493 118 939 162 COMMENTAMORUM
967 119 1058 161 Lm.
1084 120 1158 163 IV.
1456 125 1542 169 245

116 230 217 272 Vult
246 249 269 273 a
300 230 426 273 nobis
458 230 718 273 considerari
761 231 912 282 etiam,
957 232 1131 287 quando
1154 231 1198 287 ¹)
1246 247 1438 291 reputata
1477 236 1542 289 sit,

115 324 201 363 quo
235 319 274 349 et
303 309 508 364 temporis
538 309 643 349 ratio
670 307 714 348 in
745 307 821 358 his,
853 324 960 363 quae
981 308 1135 365 scripta
1164 323 1274 360 sunt,
1305 313 1541 366 colligatur,

113 383 375 439 utrumne2)
425 384 470 425 in
520 384 745 439 praeputio
787 385 928 426 adhuc
974 396 1102 436 esset,
1150 402 1249 428 cum
1297 387 1373 430 ista
1425 391 1538 433 dicta

113 473 224 511 sunt,
256 478 307 502 an
339 461 547 503 transisset
587 460 672 518 jam
717 461 769 501 ad
803 461 1190 515 circumcisionem3
1218 476 1258 506 et
1294 465 1372 506 ait:
1402 483 1538 521 „quo-

111 537 311 594 m0d0³)
352 552 449 589 ergo
489 548 681 592 reputata
717 549 775 579 est
803 538 906 579 fides
949 536 1036 594 ejus
1067 541 1120 580 ad
1148 539 1380 597 justitiam?
1424 541 1535 584 Cum

113 626 217 656 esset
245 613 288 655 in
322 613 667 662 circumcisione,
715 630 770 654 an
810 632 906 656 cum
947 627 1049 656 esset
1076 616 1122 657 in
1150 616 1432 672 praeputio?“
1489 619 1536 660 Si

112 691 223 732 enim
254 691 396 732 fuisset
422 690 467 730 id
497 689 700 745 temporis
739 690 783 731 in
822 691 1164 743 circumcisione,
1202 693 1416 734 videretur
1453 695 1537 737 uti-

111 784 194 822 que
225 784 248 808 a
278 767 377 807 fidei
407 764 530 822 hujus
562 767 690 817 gratia
723 768 936 808 exclusum
959 785 1043 810 esse
1072 770 1344 825 praeputium
1407 772 1534 813 Nunc

109 860 210 884 vero
244 842 497 897 ostendit,⁴²)
527 844 644 897 quod
675 843 718 883 in
750 844 977 899 praeputio
1010 845 1150 886 adhuc
1172 846 1312 901 posito
1341 860 1533 903 reputata

111 932 170 962 cst
199 921 302 961 fides
334 921 385 960 ad
413 919 624 976 justitiam,
657 931 695 960 et
717 919 814 961 ideo
843 923 1105 975 pronuntiat,
1134 923 1246 977 quia,
1277 940 1373 965 cum
1395 925 1532 968 Abra-

110 999 210 1038 ham
241 997 284 1038 in
315 996 541 1053 praeputio
582 997 743 1052 positus
779 1015 858 1054 per
897 999 1027 1039 fidem
1067 997 1311 1054 justificatus
1340 1001 1412 1051 sit,
1439 1000 1531 1043 sine

108 1075 240 1116 dubio
271 1074 469 1130 princeps
502 1084 540 1114 et
568 1085 693 1128 pater
734 1075 888 1116 merito
932 1075 1088 1116 dicitur
1128 1076 1320 1116 omnium
1354 1079 1531 1119 creden-

105 1152 212 1192 tium
243 1169 320 1207 per
348 1151 631 1206 praeputium.
693 1150 827 1204 Quod
862 1169 963 1192 vero
993 1163 1093 1207 post
1121 1152 1274 1201 fidem,
1313 1169 1421 1208 quae
1450 1152 1531 1195 fuit

106 1229 149 1268 in
179 1228 421 1283 praeputio,
452 1227 614 1282 accepit
654 1227 1045 1278 circumcisionem,
1092 1241 1400 1283 consequenter
1429 1248 1528 1271 cau-

104 1322 207 1353 sam,
239 1321 321 1359 qua
357 1303 621 1345 circumcisio
655 1304 692 1345 ei
722 1307 817 1345 data
843 1305 981 1355 fuerit,
1008 1305 1191 1360 exponit.
1237 1306 1295 1346 Ut
1321 1318 1434 1356 esset,
1461 1307 1528 1348 in-

107 1381 208 1436 quit,
236 1381 500 1431 signaculum
541 1378 688 1435 ejus5)
718 1382 840 1431 fidei,
875 1398 1001 1437 quam
1038 1380 1186 1422 habuit
1225 1382 1269 1422 in
1300 1384 1525 1438 praeputio

107 1458 281 1512 positus,
312 1456 415 1510 ute)
444 1473 522 1512 per
551 1458 634 1497 hoc
665 1458 741 1506 „sit
770 1470 891 1514 pater
930 1458 1122 1499 omnium
1156 1459 1417 1500 credentium
1448 1476 1527 1515 per

105 1534 398 1589 praeputium,
436 1545 483 1573 ut
522 1545 741 1589 reputetur
776 1536 858 1576 illis
898 1536 951 1576 ad
981 1532 1204 1590 justitiam,
1249 1547 1288 1576 et
1325 1536 1376 1577 sit
1404 1548 1525 1591 pater

107 1610 453 1659 circumcisionis,
481 1628 571 1651 non
602 1611 666 1653 his
697 1622 874 1660 tantum,
905 1610 1091 1666 quisunt
1111 1626 1157 1650 ex
1189 1612 1524 1662 circumcisione,

103 1690 177 1730 sed
208 1699 247 1728 et
274 1687 368 1736 illis,
399 1687 472 1742 qui
499 1699 736 1742 sequuntur
762 1688 927 1740 vestigia
960 1686 1068 1742 ejus,
1100 1703 1209 1742 quae
1240 1699 1298 1729 est
1325 1687 1367 1728 in
1398 1705 1524 1744 prae-

102 1765 238 1821 puti0,
267 1764 368 1806 fidei
398 1765 528 1820 patris
558 1764 692 1805 nostri
722 1764 994 1805 Abrahami,“
1063 1764 1197 1817 Quod
1226 1764 1259 1805 si
1290 1765 1521 1814 Abraham,

103 1860 201 1884 cum
232 1853 336 1883 esset
365 1841 504 1882 adhuc
532 1840 577 1881 in
602 1840 840 1896 praeputio,
872 1855 920 1880 ex
936 1840 1022 1881 fide
1046 1839 1293 1899 justificatus
1321 1852 1391 1892 est,
1420 1854 1519 1898 pot-

221 1989 264 2042 ¹)
300 1990 436 2029 Alias:
467 1990 755 2044 ‚,quomodo.“
785 1988 834 2029 R.

219 2057 265 2112 ²)
297 2058 366 2098 Sic
395 2058 496 2099 Mss.
524 2059 680 2107 nostri,
710 2057 809 2098 editi
837 2072 957 2097 vero.
996 2067 1223 2104 „utrumne
1258 2057 1302 2096 in
1333 2071 1515 2109 praepu-

103 2114 162 2155 tio
195 2114 394 2154 Abrahae
432 2115 506 2154 ista
548 2114 657 2154 dicta
692 2125 808 2161 sunt,
851 2129 903 2152 an
945 2128 1040 2152 cum
1082 2112 1273 2152 transiret
1301 2109 1410 2166 jam“
1441 2123 1515 2152 etc

103 2170 152 2210 R.
184 2193 236 2200 —
267 2170 377 2210 Edd.
408 2169 857 2233 Merlini:„utru1nue
877 2168 921 2208 in
941 2167 1165 2223 praeputio
1189 2168 1387 2209 Abrahae
1418 2183 1515 2209 cum

101 2227 177 2267 ista
209 2226 317 2267 dicta
346 2237 455 2275 sunt,
488 2242 542 2267 an
570 2225 765 2266 transiret
792 2222 904 2281 jam“
936 2234 1012 2267 etc.

216 2295 263 2348 3)
295 2295 420 2336 Rom.
450 2295 520 2344 IV,
552 2295 616 2336 10.

217 2363 262 2416 4)
295 2364 421 2406 Rom.
449 2365 521 2414 IV,
552 2363 618 2406 10.
647 2363 713 2406 11.

216 2432 262 2489 ⁵)
290 2433 400 2475 Edd.
431 2434 623 2475 Merlini:
651 2433 752 2474 fidei
782 2432 879 2490 ejus.

215 2502 263 2557 ⁶)
294 2503 364 2544 Sic
407 2503 510 2546 Msc.
556 2521 665 2545 unus
714 2505 811 2555 Reg.
855 2519 971 2543 num.
1002 2502 1122 2546 1639.
1198 2503 1365 2545 Caeteri
1410 2520 1509 2546 vero

101 2559 199 2600 Mss
228 2560 447 2615 (plurimis
477 2560 652 2601 verbis
639 2577 812 2616 lnsuper
838 2558 1020 2613 omissis)
1050 2571 1090 2600 et
1129 2560 1228 2601 editi
1257 2560 1325 2625 (ν.
1347 2577 1380 2601 c.
1413 2561 1508 2601 edd

101 2614 207 2667 M.):
254 2627 327 2664 „ut
362 2632 440 2671 per
478 2618 561 2657 hoc
605 2628 725 2670 pater
753 2617 872 2656 fieret
902 2615 1027 2656 etiam
1057 2632 1222 2665 eorum,
1253 2616 1326 2671 qui
1354 2615 1399 2656 in
1430 2617 1511 2657 cir—

102 2669 358 2712 cumcisione
386 2684 636 2713 nascuntur:
667 2673 701 2713 si
729 2684 868 2712 tamen
900 2673 954 2712 ad
978 2671 1093 2712 illam
1115 2673 1242 2712 fidem
1259 2671 1510 2735 pertineant,

101 2741 209 2787 quae
238 2726 282 2766 iu
311 2729 562 2782 praeputio“
589 2727 912 2782 (edd.Merlin1
941 2728 1125 2768 addunt:
1165 2727 1388 2782 positum)
1417 2744 1509 2784 „Ju-

100 2780 290 2823 stificavit
329 2784 558 2826 Abraham.
613 2783 809 2825 Efficitur
849 2798 950 2833 ergo
987 2783 1206 2839 utriusque
1240 2784 1400 2836 generis
1428 2800 1507 2840 pa-

100 2843 202 2886 ter,“
233 2848 307 2878 etc.
336 2838 385 2880 R.
417 2863 469 2871 —
503 2839 590 2882 Cfi.
618 2840 745 2882 Rom.
775 2838 847 2889 IV,
878 2815 944 2882 1001
973 2840 1038 2881 12
