1788 3111
236 135 323 178 270
575 130 798 175 Qum-:ms
827 142 875 172 m
904 129 982 172 ΕΡ.
1012 140 1072 171 An
1104 128 1328 172 ROMANOS

238 247 339 287 ham
357 244 400 301 1)
436 245 492 286 de
519 243 618 286 filiis
644 242 920 299 suscipiendis
949 242 1193 295 intelligitur
1218 245 1470 300 desperasse.
1530 243 1664 299 Quod

237 339 338 364 vero
382 320 503 363 dixit:
544 319 675 376 „in²)
713 335 830 375 spem
874 319 1110 361 credidit:“
1157 321 1298 361 datam
1339 320 1568 377 rursum3)
1627 321 1664 363 ei

236 416 378 455 spem,
420 398 600 454 opinor,
642 396 742 438 inde
790 395 1035 453 collegit,‘²)
1073 396 1148 438 ubi
1177 398 1381 454 scriptum
1414 410 1493 445 est:
1539 399 1666 453 „et⁵)

239 494 320 518 vox
349 475 533 517 Domini
563 476 672 516 facta
704 485 762 515 est
792 474 845 514 :nd
878 490 1000 524 eum,
1038 474 1200 516 dicens:
1242 492 1331 516 uon
1375 486 1435 517 est
1464 474 1532 516 hic
1564 476 1664 518 hae-

240 571 306 595 res
353 565 472 594 tuus:
519 554 594 594 sed
644 551 717 607 qui
767 551 910 592 exierit
957 553 1009 593 de
1051 563 1115 601 te,
1157 552 1247 608 ipse
1276 552 1353 593 erit
1382 551 1529 593 haeres
1558 563 1663 593 tuus.

238 631 396 672 Eduxit
424 641 562 671 autem
597 646 692 670 eum
725 629 852 677 foras,
883 639 923 669 et
953 628 1055 670 dixit
1089 628 1172 670 illi:
1204 630 1366 686 respice
1396 631 1450 670 ad
1482 629 1665 676 coelum,

239 720 278 750 ct
307 724 485 749 numera
516 707 666 756 stellas,
695 706 729 747 si
759 705 948 762 potueris
968 705 1012 762 6)
1059 707 1328 748 dinumerare
1360 723 1438 748 eas.
1525 706 1579 747 Et
1610 706 1667 747 ait

237 787 290 827 nd
325 801 441 826 eum:
471 783 529 825 sic
564 783 641 824 erit
667 799 810 824 semen
852 795 987 824 tuum.
1075 784 1131 825 Et
1169 784 1349 826 credidit
1384 784 1604 825 Abraham
1622 782 1666 830 7)

237 862 349 912 Deo,
380 873 420 902 et
448 872 690 917 reputatum
723 872 780 902 est
812 861 847 901 ei
872 862 926 902 ad
957 859 1197 918 justitiam.“
1252 862 1316 903 Ex
1347 861 1410 902 his
1443 877 1542 913 ergo
1574 878 1666 902 ver-

236 939 299 981 bis
330 936 428 994 ets)
466 939 703 994 desperatio
734 938 875 994 prius,
917 949 955 978 et
986 940 1264 994 postmodum
1308 940 1403 980 data
1445 938 1482 979 ei
1510 955 1603 994 spes
1619 938 1664 993 9)

239 1017 324 1058 Dei
353 1015 710 1073 promissionibus
742 1017 993 1057 declaratur.
1054 1015 1135 1056 Cui
1167 1017 1263 1072 quia
1298 1016 1489 1065 credidit,
1517 1016 1665 1057 scribi-

234 1100 303 1135 tur
334 1095 388 1136 de
419 1109 470 1134 eo
504 1093 611 1143 hoc,
649 1095 768 1149 quod
794 1110 911 1133 nunc
941 1092 1239 1150 proponit10)
1272 1095 1529 1150 Apostolus,
1568 1093 1666 1150 quia

234 1170 593 1227 „reputatum¹¹)
631 1181 689 1211 est
719 1169 756 1210 ei
786 1170 839 1209 ad
870 1167 1111 1226 justitiam.“
1166 1169 1324 1211 Merito
1358 1181 1512 1220 autem,
1541 1171 1666 1225 ειη)

235 1266 358 1290 more
387 1247 468 1290 sibi
497 1246 624 1289 solito
663 1245 739 1286 ubi
769 1247 822 1287 de
852 1247 937 1287 fide
965 1257 1134 1295 tractat,
1178 1248 1409 1301 Apostolus
1446 1246 1667 1304 conjungit

233 1338 273 1367 et
302 1342 434 1382 spem,
462 1324 597 1366 sciens
628 1322 729 1365 fidei
758 1338 876 1378 spem
907 1322 1248 1378 inseparabiliter
1275 1324 1525 1377 cohaerere;
1563 1327 1668 1367 sicut

234 1415 275 1445 ct
304 1403 347 1445 in
395 1401 571 1458 epistola
603 1401 658 1442 ad
690 1399 910 1441 Hebraeos
940 1399 1053 1441 idem
1097 1402 1245 1450 docet,
1287 1400 1450 1444 dicens:
1488 1415 1574 1453 „est
1594 1403 1664 1460 ¹³)

236 1494 374 1523 autem
407 1481 511 1522 fides
542 1478 852 1534 sperandarum
884 1493 1027 1518 rerum
1060 1477 1305 1528 substantia,
1334 1479 1543 1522 indicium
1572 1499 1663 1523 non

232 1556 571 1615 apparentium.“
638 1554 693 1595 Et
735 1554 889 1595 iterum
940 1554 984 1595 in
1040 1555 1121 1596 hac
1166 1556 1315 1596 eadem
1360 1558 1413 1598 ad
1445 1557 1666 1600 Romanos

234 1636 412 1692 epistola
451 1634 497 1675 in
534 1632 844 1690 posterioribus
886 1632 1007 1673 dicit:
1038 1632 1224 1688 „spe¹⁴²)
1264 1645 1404 1675 autem
1436 1635 1536 1676 salvi
1567 1637 1663 1677 sacti

232 1729 388 1754 sumus.
448 1710 554 1767 Spes
585 1721 747 1759 autem,
787 1726 895 1765 quae
926 1711 1115 1759 videtur,
1154 1728 1243 1752 non
1276 1721 1334 1750 est
1362 1727 1467 1766 spes.
1527 1712 1659 1766 Quod

233 1789 346 1830 enim
377 1788 491 1830 videt
521 1786 637 1843 quis,
679 1786 781 1841 quid
811 1786 980 1842 sperat?
1044 1787 1089 1828 Si
1121 1804 1245 1838 vero,
1276 1789 1393 1843 quod
1423 1806 1513 1829 non
1545 1789 1660 1830 vidc-

229 1884 336 1917 mus,
367 1881 596 1922 speramus‚
617 1879 695 1920 per
712 1862 956 1919 patientiam
980 1871 1307 1920 exspectamus.“
1339 1864 1472 1919 Quod
1492 1867 1501 1890 ¹
1519 1864 1563 1920 ⁵)
1587 1867 1663 1909 ait:

233 1993 360 2000 ——-·

353 2062 396 2118 ¹)
427 2062 537 2103 Edd.
569 2061 763 2109 Men-lini,
791 2060 852 2100 uti
883 2073 1023 2109 antea,
1054 2063 1127 2104 csr.
1158 2076 1250 2118 pag.
1280 2062 1375 2105 269.
1405 2074 1494 2105 not.
1527 2066 1592 2109 10.
1624 2075 1661 2105 ct

234 2122 298 2165 13.
337 2121 564 2169 ,‚Ahr:un.“
595 2143 647 2149 —-
681 2117 767 2159 Cfr.
801 2116 953 2159 Genes.
983 2117 1079 2169 XV,
1108 2119 1147 2160 3.
1179 2119 1276 2160 coll,
1306 2119 1443 2170 XVII,
1472 2123 1511 2164 5.

351 2189 397 2243 2)
427 2190 556 2230 Rom.
595 2189 665 2238 IV,
697 2189 763 2233 18,
881 2187 928 2242 3)
957 2187 1069 2229 Edd.
1100 2187 1297 2230 Merlini:
1328 2207 1484 2232 rursus.

352 2259 397 2314 Δ)
430 2260 509 2302 Ed.
541 2259 589 2300 R.
619 2261 733 2301 sola:
765 2259 934 2310 colligit.
1053 2257 1097 2314 ⁵)
1130 2258 1280 2302 Genes.
1310 2260 1406 2310 XV,
1435 2261 1576 2304 4-6,

351 2330 398 2385 6)
428 2330 539 2371 Edd.
568 2330 763 2371 Merlini:
794 2329 964 2384 poteris.

353 2399 398 2455 7)
428 2400 706 2441 Desideratur
733 2400 1006 2449 ‚,Abraham“
1038 2399 1082 2440 in
1114 2400 1210 2440 edd.
1239 2398 1302 2442 M.
1337 2412 1375 2440 ct
1405 2399 1455 2446 Β,
1488 2425 1539 2432 —-
1572 2399 1657 2443 Csr.

237 2457 389 2499 Genes.
420 2456 514 2505 XV,
543 2456 581 2497 6.

354 2527 400 2582 ⁸)
431 2526 709 2567 Desideratur
740 2531 831 2574 ,‚et“
859 2525 905 2566 in
935 2527 1029 2567 edd.
1059 2524 1120 2566 M.

353 2596 398 2653 9)
430 2596 540 2637 Edd.
572 2595 766 2636 Merlini:
800 2612 892 2651 spes
925 2597 978 2636 de
1007 2595 1377 2653 promissionibus.

331 2668 402 2721 ¹⁰)
431 2666 536 2707 NIsc.
569 2682 700 2706 unus:
732 2665 1048 2720 ‚,pronuntiat.“
1080 2666 1132 2707 R.
1233 2667 1299 2721 ¹¹)
1334 2667 1457 2709 Rom.
1488 2667 1560 2718 lv,
1589 2668 1654 2710 22.

328 2738 401 2793 12)
431 2737 536 2779 Msc.
566 2753 698 2777 unus:
729 2752 801 2786 „ex
833 2741 992 2776 more.“
1024 2735 1073 2777 R.
1197 2735 1267 2793 ¹³.)
1300 2737 1430 2779 Ilebr.
1462 2738 1537 2785 XI,
1567 2743 1606 2784 1,

330 2807 400 2861 ¹⁴)
432 2806 557 2849 Rom.
588 2806 701 2855 VIII,
730 2806 796 2849 24.
827 2807 893 2848 25.

332 2877 400 2928 ¹⁵)
433 2877 543 2918 Edd.
573 2876 766 2919 Merlini:
797 2875 929 2930 Quod
959 2877 993 2918 si
1022 2893 1097 2933 spe
1125 2877 1225 2920 salvi
1258 2890 1321 2918 etc
