1788 3111
549 125 987 165 COMMENTARIORUM
1019 121 1107 161 L113.
1142 121 1191 160 ΙΙ.
1502 121 1581 165 135

160 237 413 289 alienigenis,
448 248 494 276 ut
515 236 552 290 ¹)
584 233 883 287 ingrediantur,
914 244 959 273 ut
989 231 1072 272 sint
1100 231 1199 272 fidei
1232 244 1271 272 et
1303 244 1472 273 actuum
1496 232 1574 273 cir—

159 315 415 357 cumcisione
445 312 621 369 purgati.
682 310 727 352 Si
767 308 858 366 quis
889 321 1029 350 autem
1068 308 1206 364 nos2)
1247 310 1300 349 ad
1338 309 1575 364 superiores

161 392 426 448 quaestiones
467 404 662 431 revocare
694 387 943 436 contendat,
987 398 1028 427 et
1063 385 1217 426 iterum
1248 386 1372 426 nobis
1403 386 1577 442 replicet

160 472 252 519 hoc,
285 470 401 524 quod
432 468 631 522 scriptum
663 476 723 505 est
753 465 806 504 de
836 463 1079 515 alienigena,
1105 463 1222 518 quod
1243 464 1296 502 ab
1326 479 1376 503 eo
1408 464 1575 504 volente

160 546 320 598 ingredi
353 545 392 585 in
425 555 586 592 sancta,
628 558 716 581 non
749 542 887 581 solum
920 539 1060 581 cordis
1091 539 1380 588 circumcisio,
1422 541 1495 580 sed
1536 552 1573 580 ct

160 622 294 663 carnis
325 622 516 674 exigitur:
559 617 654 659 huic
684 618 740 658 ita
771 620 948 658 moleste
978 616 1215 672 persistenti
1246 616 1505 657 obvertimus
1536 629 1574 657 et

159 717 236 741 nos
268 699 394 747 illud,
438 697 554 753 quod
584 694 787 735 Jeremias
818 696 1026 749 propheta
1059 693 1180 734 dicit:
1221 695 1416 748 „ecce³)
1446 691 1571 732 incir-

159 775 363 817 cumcisae
393 785 490 814 sunt
519 777 665 812 au1·es“
697 784 866 812 vestrae.
918 771 1127 813 Ostendat
1154 769 1278 810 nobis
1299 769 1375 810 iste
1396 767 1572 810 carnalis

157 850 482 894 circumcisionis
514 861 682 889 exactor
721 848 887 888 aurium
928 846 1292 888 circumcisionem
1332 845 1572 887 sensibilem

158 941 197 969 et
239 928 529 982 corporalem,
571 925 604 966 si
643 937 802 980 potest:
849 926 921 966 sed
964 936 1125 965 certum
1166 935 1245 972 est,
1292 924 1409 978 quod
1451 922 1570 962 nullo

157 1018 279 1061 pacto
310 1005 354 1045 id
371 1004 415 1059 ⁴)
454 1004 592 1043 facere
634 1015 770 1058 queat.
830 1004 1080 1043 Revertetur
1120 1017 1219 1053 ergo
1260 1001 1314 1040 ad
1351 998 1571 1051 allegorias

156 1082 398 1123 necessitate
437 1080 701 1135 compulsus,
741 1092 781 1120 ct
819 1079 951 1128 dicet,
990 1076 1237 1118 circumcidi
1278 1094 1420 1126 aures,
1461 1093 1569 1124 cum,

156 1159 388 1199 secundum
420 1156 663 1199 Salomonis
704 1157 887 1204 monita,
927 1171 1017 1195 non
1057 1152 1267 1208 recipiunt
1304 1154 1569 1195 auditionem

159 1253 326 1284 vanam,
368 1246 407 1275 et
437 1251 534 1274 cum
576 1233 904 1288 oppilantur,⁵)
943 1249 997 1272 ne
1028 1229 1201 1271 audiant
1238 1230 1444 1288 judicium
1474 1247 1568 1272 san-

157 1312 312 1364 guinis,
344 1323 385 1351 et
415 1328 510 1351 cum
542 1310 762 1365 sepiuntur
778 1311 822 1364 6)
855 1308 1006 1364 spinis,
1045 1325 1100 1348 ne
1130 1306 1393 1363 recipiant7)
1425 1308 1568 1348 obtre-

157 1388 397 1436 ctationem,
429 1389 503 1428 sed
533 1399 579 1427 ut
609 1387 689 1427 soli
720 1388 848 1427 verbo
871 1385 955 1426 Dei
985 1396 1167 1440 pateant,
1200 1395 1241 1424 et
1271 1383 1346 1433 his,
1379 1400 1486 1439 quae
1515 1385 1570 1423 ad

156 1464 492 1507 aedificationem
540 1462 748 1504 dicuntur.
825 1462 890 1504 Sit
934 1478 1031 1515 ergo
1077 1460 1168 1501 talis
1215 1472 1255 1501 et
1298 1461 1370 1501 illa
1417 1459 1568 1509 cordis,

156 1541 289 1597 qualis
323 1553 362 1581 et
391 1543 492 1580 haec
525 1539 690 1579 aurium
732 1538 1016 1588 circumcisio,
1055 1554 1161 1593 quae
1194 1536 1479 1578 communiter
1506 1537 1567 1577 vi—

155 1619 278 1658 detur
309 1616 505 1672 exposita.
564 1617 658 1656 Hoc
689 1628 829 1656 autem
865 1618 998 1657 modo
1032 1627 1072 1655 et
1101 1613 1416 1655 incircumcisus
1447 1613 1567 1654 labiis

154 1693 317 1743 dicitur,
350 1693 423 1748 qui
451 1710 542 1733 non
573 1691 882 1733 circumciderit
907 1692 1228 1747 blasphemiam,
1259 1689 1566 1739 scurrilitatem,

152 1769 463 1826 turpiloquium
495 1770 547 1809 de
580 1785 652 1810 ore
684 1786 785 1819 suo,
828 1769 900 1824 qui
928 1786 1019 1810 non
1048 1767 1300 1824 posueritss)
1332 1766 1567 1808 custodiam

153 1847 216 1888 ori
245 1864 337 1896 suo,
370 1858 410 1886 et
432 1845 585 1887 ostium
607 1845 943 1887 circumstantiae
964 1846 1086 1888 labiis
1110 1846 1205 1896 suis,
1238 1844 1310 1900 qui
1329 1861 1419 1885 non
1442 1844 1567 1885 etiam

152 1942 174 1965 a
204 1925 335 1964 verbo
368 1922 506 1964 otioso
538 1922 848 1964 circumciderit
869 1940 915 1964 os
947 1940 1082 1964 suum.
1130 1921 1332 1977 Denique
1361 1921 1436 1961 ubi
1467 1921 1567 1961 dicit

150 2002 294 2042 'Moses
326 2001 379 2040 ad
410 1999 670 2041 Dominum:
710 2000 996 2055 „provide,9)
1027 1999 1229 2049 Domine,
1261 1999 1404 2047 alium,
1439 2014 1565 2053 quem

152 2077 311 2117 mittas:
344 2093 419 2128 ego
440 2076 508 2130 ¹⁰)
540 2089 681 2117 autem
709 2079 854 2118 tardus
884 2076 1026 2128 lingua
1058 2088 1098 2116 et
1129 2075 1271 2127 gracili
1290 2091 1394 2115 voce
1413 2081 1565 2115 sum:“

272 2194 313 2249 ¹)
346 2192 415 2234 Sic
448 2193 549 2233 editi
580 2195 639 2244 (v.
672 2211 704 2235 c.
737 2195 831 2234 edd.
861 2193 971 2248 M.);
1014 2193 1088 2233 sed
1117 2193 1220 2234 Mss.
1262 2209 1430 2233 omnes:
1472 2191 1562 2242 „in-

152 2249 266 2303 gredi
297 2261 473 2298 tantum,
504 2261 551 2289 ut
581 2249 688 2290 sint“
720 2261 794 2290 etc.
824 2250 874 2289 R.

267 2321 312 2371 ²)
344 2319 422 2359 Ed.
441 2319 501 2359 Μ.
520 2320 560 2358 Ι;
592 2320 673 2367 „ad
702 2336 781 2360 nos
812 2320 865 2359 ad
896 2318 1169 2374 superiores“
1201 2330 1290 2369 etc.,
1322 2320 1386 2360 ed.
1418 2320 1478 2361 M.
1500 2319 1561 2359 II:

151 2379 229 2427 „ad
262 2393 338 2417 nos
369 2374 632 2430 superiores“
665 2387 740 2416 etc.

266 2446 311 2501 ³)
342 2446 499 2485 Jerem.
527 2445 600 2493 VI,
632 2447 694 2487 10.
815 2444 859 2500 ⁴)
890 2446 1002 2486 Edd.
1032 2444 1226 2486 Mcrlini:
1258 2446 1349 2486 hoc.

268 2515 313 2569 ⁵)
345 2514 468 2555 Jesai.
499 2514 705 2564 XXXIII,
738 2516 802 2558 15.

266 2584 312 2639 ⁶)
342 2586 441 2639 Sap.
474 2584 602 2625 Sirac.
633 2586 836 2636 XXVIII,
868 2587 934 2629 24.
965 2587 1031 2629 25.

269 2653 312 2708 ⁷)
343 2655 455 2694 Edd.
486 2653 680 2695 Merlini:
713 2655 899 2696 audiant.

269 2723 314 2777 ⁸)
344 2723 498 2764 Psalm.
519 2723 667 2774 CXLI,
696 2726 734 2768 3.
765 2725 943 2782 (CXL.)
1062 2726 1108 2781 ⁹)
1138 2726 1274 2767 Exod.
1306 2725 1379 2773 IV,
1413 2723 1474 2765 10.
1500 2725 1562 2767 13.

181 2847 188 2855 .
213 2847 221 2854 ι
247 2791 315 2846 ¹⁰)
344 2793 455 2833 Edd.
486 2794 682 2836 Merlini:
727 2812 803 2849 ego
836 2808 975 2837 autem
1008 2798 1153 2838 tardae
1182 2795 1370 2849 linguae,
1401 2805 1440 2835 et
1470 2810 1560 2847 gra*

156 2848 223 2888 cili
253 2864 357 2888 voce
385 2864 460 2901 ego
491 2866 596 2893 sum.
