1788 3111
255 142 308 185 18
592 139 816 183 Omessms
847 153 893 182 m
923 140 1001 182 ΕΡ.
1032 153 1091 183 An
1123 142 1348 186 Romtmos

261 253 378 311 quod
396 253 693 303 abundantius,
724 271 853 310 quam
873 255 1025 297 caeteri
1044 273 1205 306 omnes,
1231 258 1501 299 laboraturus
1521 256 1563 314 ¹)
1584 270 1688 300 esset

259 332 303 372 in
335 331 580 382 Evangelio,
612 333 731 387 quod
763 332 807 374 in
839 333 1013 387 famc2)
1049 346 1087 375 et
1118 335 1193 384 siti,
1224 334 1268 375 in
1300 334 1457 385 frigore
1488 347 1527 376 et
1556 335 1687 377 nudi-

260 421 366 458 tate,
415 408 616 463 periculis
657 410 897 459 latronum,
947 410 1148 467 periculis
1185 412 1436 460 fluminum,
1486 411 1687 467 periculis

259 486 401 534 maris,
428 485 748 540 praedicaturus
781 500 882 529 esset
901 487 1176 539 Evangelium
1202 487 1373 537 Christi,
1400 487 1537 530 sciens
1567 490 1686 543 quod

261 563 400 616 vae3)
430 562 569 617 sibi4)
605 575 719 613 esset,
749 564 781 605 si
811 582 902 605 non
935 565 1247 616 evangelizaret,
1279 577 1318 605 et
1348 566 1466 620 quod
1496 582 1687 607 macera-

259 639 439 694 turus⁵)
479 652 584 681 esset
622 657 777 697 corpus
814 659 960 691 suum,
1002 653 1040 682 et
1076 643 1263 684 servituti
1300 641 1591 697 subjecturus,
1632 658 1690 682 ne

259 719 384 766 forte,
415 734 512 758 cum
544 717 632 759 aliis
662 718 1019 773 praedicasset,5)
1059 719 1149 774 ipse
1185 721 1396 775 reprobus
1436 720 1687 760 efficeretur.

260 794 379 835 Haec
395 793 441 850 ⁷)
483 810 582 846 ergo
622 807 661 836 et
690 796 824 837 multa
868 797 946 837 alia
988 796 1050 838 his
1090 796 1246 838 similia
1284 797 1332 839 in
1373 813 1424 838 eo
1462 798 1515 838 de
1543 808 1688 838 ventre

259 873 403 914 matris
434 872 685 928 praevidens
708 872 843 920 Jesus,
873 890 954 931 pro
990 874 1054 916 his
1084 874 1312 928 segregavit
1342 893 1440 919 eum
1470 876 1517 918 in
1547 876 1689 916 Evan-

260 951 429 1003 gelium.
487 952 534 993 Si
565 952 699 1001 enim,
739 965 785 994 ut
817 953 1017 995 haeretici
1052 965 1225 1010 putant,
1260 955 1326 995 vel
1355 954 1479 995 sortis
1508 952 1689 1000 incerto,

259 1030 324 1070 vel
356 1041 532 1071 naturae
561 1029 750 1072 melioris
779 1032 1069 1086 praerogativa
1102 1032 1244 1073 fuisset
1266 1032 1436 1080 electus,
1463 1045 1685 1085 nunquam

258 1107 408 1170 utique
435 1106 654 1157 timuisset,
687 1123 743 1149 ne
772 1107 805 1149 si
835 1109 977 1149 minus
1009 1109 1202 1165 corporis
1232 1108 1298 1150 sui
1329 1110 1446 1150 frena
1478 1107 1690 1153 tenuisset,

263 1192 430 1235 evenire
458 1201 621 1247 posset,
651 1197 700 1229 ut
730 1186 941 1243 reprobus
972 1187 1102 1236 fieret,
1132 1187 1197 1227 vel
1229 1203 1303 1227 vae
1331 1185 1411 1227 sibi
1441 1183 1687 1240 futurumss)

262 1271 378 1319 esse't,
406 1268 441 1310 si
471 1266 755 1318 evangelizare
787 1263 1052 1319 cessasset.9)
1093 1264 1293 1320 Denique
1314 1274 1354 1304 ct
1382 1263 1474 1318 ipse
1505 1263 1549 1303 in
1584 1279 1688 1303 con—

261 1346 532 1403 sequentibus
561 1344 685 1385 latius
718 1342 921 1384 disserens
954 1341 1028 1382 ait:
1063 1341 1161 1396 quia
1193 1358 1328 1396 „quos
1350 1341 1421 1394 ¹⁰)
1454 1338 1688 1395 praescivit,

264 1436 304 1465 et
340 1420 667 1480 praedestinavit
703 1420 950 1460 conformes
978 1418 1071 1475 fieri
1110 1418 1303 1469 imaginis
1334 1417 1434 1459 Filii
1462 1417 1565 1467 sui,“
1605 1417 1690 1458 evi-

265 1504 414 1544 denter
452 1500 698 1547 ostendens,
737 1497 856 1552 quod
895 1511 988 1544 eos,
1029 1512 1136 1551 quos
1173 1495 1397 1551 praescivit
1432 1494 1551 1536 Deus
1586 1495 1689 1536 tales

263 1579 451 1626 futuros,
479 1587 527 1616 ut
557 1574 726 1615 Christo
756 1589 799 1615 se
828 1572 874 1614 in
904 1572 1171 1629 passionibus
1205 1574 1547 1622 conformarent,
1574 1571 1690 1627 ipsos

267 1654 392 1695 etiam
432 1650 678 1694 conformes
719 1668 767 1692 ac
806 1651 962 1692 similes
1002 1649 1195 1700 imaginis
1237 1648 1324 1709 ejus
1364 1648 1691 1704 praedestinavit

267 1743 307 1772 et
345 1729 514 1782 gloriae.
578 1727 803 1769 Praecedit
844 1742 944 1778 ergo
983 1725 1260 1782 praescientia
1298 1725 1404 1775 Dei,
1441 1742 1520 1782 per
1559 1743 1688 1782 quam

265 1818 522 1856 noscuntur,
561 1807 633 1861 qui
661 1805 707 1846 in
737 1821 780 1846 se
810 1805 978 1845 labores
1017 1814 1057 1843 et
1089 1803 1257 1844 virtutes
1288 1803 1476 1845 habituri
1504 1804 1607 1854 sint,
1650 1816 1690 1845 et

266 1885 325 1926 ita
354 1881 682 1941 praedestinatio
714 1880 922 1937 sequitur;
951 1898 1029 1922 nec
1054 1892 1198 1921 tamen
1228 1898 1370 1921 rursus
1399 1880 1688 1936 praedestina—

267 1962 394 2003 tionis
440 1976 564 2002 causa
606 1960 827 2014 ‘putabitur
871 1958 1161 2013 praescientia.
1234 1956 1370 2011 Quod
1415 1959 1527 1999 enim
1572 1961 1688 2014 apud

267 2038 464 2081 homines
509 2034 842 2091 uniuscujusque
882 2036 1078 2076 meritum
1120 2047 1323 2091 pensatur
1367 2052 1413 2076 cx
1456 2037 1689 2092 praeteritis

270 2116 402 2168 gestis,
432 2115 517 2156 hoc
547 2115 664 2169 apud
694 2112 837 2154 Deum
866 2111 1080 2170 judicatur
1112 2129 1159 2153 ex
1189 2111 1361 2165 futuris3
1389 2125 1429 2154 ct
1457 2116 1578 2156 valde
1608 2115 1687 2155 im-

391 2274 434 2328 1)
463 2273 484 2313 Ι
516 2271 615 2314 Cor.
645 2273 742 2323 XV,
774 2275 841 2318 10.
961 2274 1008 2328 ²)
1044 2273 1082 2313 ΙΙ
1118 2272 1218 2315 Cor.
1248 2273 1326 2323 XI,
1355 2275 1422 2319 26.
1450 2276 1519 2318 27.

387 2344 433 2399 ³)
462 2343 481 2382 I
514 2342 614 2383 Cor.
645 2343 719 2392 IX,
750 2343 804 2388 16
923 2344 968 2399 ⁴)
999 2343 1110 2384 Edd.
1141 2345 1334 2386 Merlini:
1368 2356 1471 2387 essct
1497 2345 1588 2386 sibi.

390 2412 434 2468 5)
463 2412 483 2452 I
515 2411 616 2453 Cor.
646 2413 725 2462 IX,
753 2415 821 2456 27.

387 2481 434 2539 ⁶)
464 2482 563 2525 Mss.
595 2483 784 2537 quidam,
811 2495 851 2524 et
881 2483 981 2525 editi
1011 2483 1069 2538 (e.
1102 2500 1136 2524 c.
1169 2484 1263 2524 edd.
1293 2482 1401 2537 M.):
1441 2485 1688 2540 „praedica-

271 2544 372 2590 ret,“
404 2541 454 2580 al.
483 2539 850 2595 „praedicaverit.“
890 2541 937 2582 R.

391 2609 435 2663 ⁷)
467 2609 537 2650 Sic
567 2607 666 2649 Mss.
704 2608 820 2650 Editi
852 2626 949 2650 vcro
987 2609 1045 2665 (c.
1079 2626 1113 2650 c.
1145 2611 1239 2651 cdd.
1271 2609 1378 2665 M.):
1420 2611 1536 2654 llaec
1575 2630 1688 2662 vei-0,

275 2677 313 2707 et
342 2665 405 2707 his
435 2665 598 2714 similia,
630 2675 669 2704 et
701 2665 782 2706 alia
813 2667 945 2706 multa
980 2678 1055 2707 etc.
1088 2665 1135 2706 R.

389 2733 436 2790 Θ)
466 2734 577 2775 Edd.
607 2734 801 2775 Merlini:
829 2747 931 2777 esset
959 2738 1162 2776 futurum.

390 2803 437 2852 ⁹)
466 2803 582 2845 Editi
612 2804 671 2858 (e.
704 2820 737 2846 c.
771 2806 865 2847 edd.
893 2803 998 2859 M.):
1032 2817 1216 2848 cessaret.
1249 2805 1296 2845 R.

365 2873 438 2929 ¹⁰)
470 2873 595 2915 Rom.
628 2874 741 2922 VIII,
770 2876 837 2918 29.
