1788 3111
467 134 912 178 COMMENTAmomm
940 133 1035 175 Lm.
1064 133 1138 178 IV.
1430 136 1513 180 241

89 260 314 306 sequenter
344 248 577 305 approbari
609 261 745 304 posse,
776 246 894 301 quod
923 255 1142 301 reputetur
1164 244 1332 290 homini
1359 246 1516 305 justitia

88 326 179 370 sine
210 325 426 382 operibus.
481 324 610 366 Unde
647 322 754 363 mihi
787 321 953 363 videtur
994 322 1077 364 hoc
1111 322 1360 367 intellexisse
1390 327 1515 381 Apo-

88 404 235 451 stolus,
266 402 362 458 quia
393 400 654 457 impossibile
692 398 744 440 sit
778 397 822 439 in
854 399 1054 449 homine,
1085 399 1152 440 cui
1182 398 1266 456 jam
1296 417 1374 456 per
1402 413 1515 444 aeta-

87 490 173 520 tem
205 477 472 520 discernendi
504 478 556 518 dc
585 477 704 517 bono
740 487 778 516 et
808 476 924 515 malo
957 477 1073 517 adest
1092 474 1135 530 ¹)
1164 476 1409 528 intellectus,
1438 495 1514 520 ne-

88 572 172 611 que
201 554 445 612 injustitiam
485 553 642 602 inesse,
673 568 814 606 neque
851 550 1062 607 justitiam.
1122 551 1256 606 Quod
1294 553 1326 595 si
1355 554 1410 595 ita
1443 567 1515 605 cst,

87 633 178 674 sine
209 633 339 673 altero
393 646 415 671 e
462 629 632 670 duobus
669 627 850 669 inveniri
889 629 1028 669 anima
1070 645 1161 669 non
1202 641 1361 684 potest:
1415 630 1512 687 et2)

90 721 251 750 certum
282 718 362 756 est,
408 706 442 748 si
473 704 640 746 desierit
671 721 692 745 a
730 705 875 754 malis,
921 706 1038 760 quod
1077 703 1163 762 jam
1202 705 1439 748 inveniatur
1467 707 1513 748 in

88 784 230 825 bonis.
300 783 350 823 In
390 781 512 822 malis
554 792 693 821 autem
736 797 829 821 non
861 793 919 822 est
954 781 1024 822 illa
1056 781 1220 832 anima,
1263 780 1381 838 cujus
1419 800 1513 833 „re-

87 860 296 916 missae3)
333 869 430 902 sunt
460 857 744 912 iniquitates,“
794 869 834 897 et
864 856 981 914 cujus
1013 869 1146 908 „tecta
1176 870 1273 900 sunt
1301 866 1515 914 peccata,“

87 948 128 977 et
156 935 250 986 „cui
278 951 369 976 non
398 933 683 989 imputavit4)
713 933 927 974 Dominus
946 940 1227 990 peccatum;“
1257 937 1513 978 conveniens

87 1024 185 1060 ergo
219 1021 290 1059 est,
309 1008 353 1064 ⁵)
382 1020 430 1050 ut
458 1011 509 1051 sit
536 1009 582 1051 in
609 1010 746 1051 bonis.
802 1008 1106 1065 Competenter
1125 1010 1250 1062 igitur
1280 1013 1334 1052 ad
1366 1005 1514 1055 remis-

84 1085 249 1127 sionem
289 1084 560 1140 iniquitatum
602 1097 642 1127 et
687 1085 975 1127 obtectionem
1005 1098 1296 1141 peccatorum,
1327 1099 1365 1129 et
1382 1088 1426 1144 6)
1459 1092 1513 1131 ad

85 1162 143 1212 id,
175 1163 292 1217 quod
330 1178 421 1201 non
453 1161 633 1217 imputat
680 1161 895 1203 Dominus
923 1174 1167 1217 peccatum,
1200 1163 1361 1218 dicit7)
1391 1167 1514 1222 Apo-

85 1240 231 1288 stolus,
261 1239 379 1293 quod
410 1236 579 1277 homini
609 1236 763 1293 justitia
793 1250 1025 1293 reputetur,
1053 1237 1151 1279 lieet
1178 1242 1374 1281 nondum
1408 1259 1513 1298 ope-

89 1331 137 1356 ra
167 1313 346 1371 justitiae
378 1313 525 1364 egerit,
566 1315 641 1354 sed
685 1330 766 1369 pro
808 1330 857 1354 eo
889 1326 1079 1364 tantum,
1110 1318 1228 1370 quod
1260 1318 1440 1360 credidit
1466 1320 1511 1360 in

88 1407 199 1439 eum,
230 1389 303 1445 qui
331 1389 526 1446 justificat
565 1390 761 1444 impium.
818 1389 989 1430 Initium
1021 1407 1206 1445 namque
1233 1392 1511 1450 justificariss)

89 1484 112 1508 a
141 1467 240 1506 Deo
271 1467 374 1507 fides
406 1477 474 1515 est,
506 1481 613 1520 quae
645 1466 777 1506 credit
807 1467 852 1507 in
880 1465 1187 1523 justificantem.
1242 1469 1298 1510 Et
1326 1471 1431 1513 haec
1462 1474 1512 1514 fi-

89 1545 174 1592 des,
206 1559 302 1583 cum
333 1541 550 1598 justificata
582 1542 728 1591 suerit,
770 1555 970 1597 tanquam
1003 1544 1120 1584 radix
1149 1545 1286 1586 imbre
1315 1560 1510 1604 suscepto

88 1621 233 1661 haeret
261 1619 306 1660 in
337 1618 502 1659 animae
531 1618 639 1667 solo,
669 1629 727 1667 ut,
760 1635 854 1659 cum
887 1635 964 1674 per
994 1620 1127 1670 legem
1151 1621 1235 1661 Dei
1255 1623 1390 1664 excoli
1413 1641 1511 1665 coe-

86 1696 215 1752 perit,
251 1706 423 1746 surgant
457 1693 502 1734 in
544 1709 592 1734 ea
642 1693 769 1743 rami,
824 1694 896 1749 qui
943 1693 1104 1738 fructus
1146 1714 1324 1753 operum
1364 1702 1529 1753 ferant„

87 1775 189 1814 Non
220 1788 317 1824 ergo
351 1787 398 1811 ex
429 1770 630 1826 operibus
660 1772 777 1812 radix
807 1769 1009 1827 justitiae,
1038 1775 1110 1814 sed
1147 1790 1194 1814 ex
1225 1776 1367 1817 radice
1395 1777 1512 1833 justi-

87 1850 169 1892 tiae
212 1851 372 1890 fructus
415 1863 595 1902 operum
643 1847 801 1897 crescit,
838 1847 908 1888 illa
948 1849 1104 1891 scilicet
1142 1851 1288 1892 radice
1315 1852 1511 1910 justitiae,

89 1942 173 1982 qua
203 1925 320 1967 Deus
352 1934 528 1978 accepto
557 1921 640 1963 fert
657 1922 702 1978 ⁹)
742 1921 942 1979 justitiam
979 1925 1069 1967 sine
1111 1928 1324 1982 operibus.
1382 1931 1511 1973 Unde

87 2012 318 2057 propterea
369 2009 475 2054 puto
525 2011 564 2040 et
605 1999 748 2041 David
795 1999 1008 2043 tricesimo
1055 2002 1286 2060 primo¹⁰)
1324 2005 1510 2057 Psalmo,

205 2110 250 2164 ¹)
282 2110 390 2151 Edd.
420 2109 616 2150 Merlini:
647 2109 765 2151 inest.

162 2179 250 2276 Γῖ)
276 2179 394 2274 &lias
425 2177 483 2233 (e.
517 2194 550 2218 c.
581 2178 626 2218 in
659 2178 752 2220 edd.
781 2176 889 2232 M.):
928 2189 996 2228 „et
1036 2195 1132 2220 cum
1171 2194 1255 2221 esse
1285 2181 1453 2224 desierit
1483 2200 1505 2225 a

87 2252 157 2277 ma
178 2241 246 2277 1s.“
318 2267 326 2275 .

207 2305 253 2360 3)
284 2303 438 2345 Psalm.
467 2302 650 2352 XXXII,
681 2303 720 2345 1.
748 2305 787 2345 2.
818 2302 1026 2358 (ΧΧΧΙ.)
1050 2305 1147 2344 coll.
1166 2304 1291 2346 Rom.
1314 2306 1386 2358 IV,
1408 2310 1446 2351 7.
1467 2310 1508 2354 8.

205 2373 252 2429 ⁴)
282 2373 395 2414 Alias
424 2373 483 2428 (e.
515 2389 547 2413 c.
577 2372 620 2413 in
653 2374 716 2414 ed.
745 2371 806 2413 M.
837 2371 914 2425 I.):
945 2372 1235 2428 „imputabit.“
1263 2375 1314 2415 R.

205 2442 250 2497 ⁵)
280 2442 559 2483 Desideratur
588 2447 701 2491 „est“
732 2441 778 2482 in
808 2442 902 2481 edd.
934 2440 995 2483 Μ.

198 2512 251 2610 ἓ)
280 2512 397 2554 Alias
428 2512 486 2567 (e.
517 2527 551 2552 c.
581 2512 626 2553 in
657 2511 722 2552 ed.
751 2509 812 2553 M.
843 2509 920 2566 I.):
950 2522 1018 2561 „et
1045 2510 1207 2568 aliquid
1244 2515 1361 2569 quod
1390 2520 1506 2556 non“

91 2580 167 2610 etc.
239 2601 248 2610 .

207 2636 252 2690 ⁷)
283 2636 408 2676 Rom.
437 2635 510 2685 IV,
538 2637 577 2678 5.

205 2703 251 2759 ⁸)
281 2705 363 2746 Ed.
394 2705 454 2746 Μ.
483 2705 543 2745 II:
578 2703 846 2761 justificandi.

207 2773 254 2826 ⁹)
282 2771 407 2813 Rom.
436 2773 508 2822 lv,
536 2775 574 2817 6.

184 2840 256 2895 ¹⁰)
285 2840 414 2882 Deest
441 2841 638 2896 „primo“
667 2843 711 2884 in
743 2855 865 2886 antea
895 2843 1026 2886 editis.
1058 2843 1108 2885 R.

91 2936 315 2978 Omsnms
345 2934 515 2978 OPERA.
556 2937 675 2980 Tom.
705 2938 777 2981 VI.
1123 2940 1178 2983 16
