1788 3111
248 149 333 193 174
586 144 809 186 Ome-mus
839 155 885 186 m
915 143 992 184 ΕΡ.
1022 153 1081 184 An
1114 131 1336 184 RomAubs

247 264 290 305 in
321 257 671 317 quinquagesimo
707 259 898 299 secundo
929 256 1100 298 Psalmo
1132 256 1189 298 ita
1220 255 1342 297 dicit:
1379 254 1523 306 „Deus
1542 256 1586 312 1)
1617 257 1669 298 de
1726 266 1731 267 ⁷

250 340 371 380 coelo
413 335 593 392 respexit
629 352 758 391 super
796 335 907 377 filios
946 334 1195 383 hominum,
1240 345 1287 375 ut
1324 333 1502 383 videret,
1539 333 1573 376 si
1612 346 1669 377 est

248 415 498 466 intelligens,
528 425 598 455 aut
627 412 845 468 requirens
866 412 1047 453 Deum.“
1096 411 1151 452 Et
1181 411 1346 468 videtur
1371 408 1484 451 idem
1514 410 1669 451 servari

245 510 388 535 sensus
420 491 543 532 etiam
581 491 627 532 in
657 506 731 540 eo,
776 491 895 545 quod
928 490 1157 545 Apostolus
1187 487 1350 544 posuit:
1390 503 1507 536 „non
1523 486 1569 541 2)
1610 498 1669 528 est

245 569 504 621 intelligens,
546 584 637 609 non
678 578 737 608 est
776 566 997 622 requirens
1037 565 1230 607 Deum.“
1294 564 1350 605 Et
1389 564 1506 619 quod
1546 563 1668 604 dixit:

245 664 362 697 „non
393 645 509 702 est3)
538 644 669 702 justus
692 644 972 700 quisquam:“
1000 654 1121 699 puto,
1151 643 1270 699 quod
1302 658 1349 682 ex
1380 657 1430 682 eo
1461 640 1669 689 sumserit,

246 724 366 781 quod
395 723 600 778 scriptum
632 733 709 762 est:
753 739 878 771 „non
894 720 939 777 ⁴)
971 731 1047 770 est,
1090 720 1163 775 qui
1193 719 1319 761 saciat
1347 716 1668 771 bonitatem,⁵)

243 819 336 843 non
357 800 402 856 6)
434 812 493 843 est
520 815 654 854 usque
684 801 738 841 ad
767 815 901 840 unum
914 803 959 838 “:
990 799 1035 840 in
1058 814 1143 853 quo
1176 797 1300 838 etiam
1330 795 1363 838 si
1393 812 1530 837 sermo
1563 811 1669 836 con-

245 878 348 919 verti
367 877 542 925 videtur,
571 892 713 918 sensus
742 889 885 918 tamen
920 893 1027 917 unus
1057 875 1259 929 idemque
1287 885 1484 915 servatur.
1533 872 1667 927 Quod

243 972 344 996 vero
375 956 419 996 in
451 953 807 1009 consequentibus
839 953 1013 994 dicitur:
1054 950 1390 1007 „sepulcrum⁷)
1431 961 1579 1006 patens
1610 961 1668 991 est

243 1045 385 1085 guttur
415 1048 589 1081 eorum,
632 1031 785 1082 linguis
813 1029 895 1072 suis
930 1031 1079 1071 dolose
1109 1030 1344 1081 agebant:“
1374 1027 1417 1069 in
1451 1028 1600 1083 quinto
1618 1025 1664 1082 ΕΞ)

242 1109 414 1151 Psalmo
438 1107 633 1164 reperies.
666 1108 766 1149 Post
787 1108 891 1148 hoc:
912 1123 1149 1156 „venenum
1166 1105 1212 1160 9)
1233 1106 1426 1160 aspidum
1447 1106 1525 1145 sub
1547 1103 1666 1145 labiis

243 1204 394 1228 eorum
409 1192 465 1226 :“>
485 1187 603 1241 quod
625 1197 664 1226 et
683 1185 823 1240 ipsum
849 1200 897 1224 ex
918 1185 1108 1239 quodam
1131 1183 1200 1237 ¹⁰)
1230 1182 1401 1224 Psalmo
1423 1192 1664 1229 assumtum,

241 1263 494 1313 immutatis,
537 1274 585 1303 ut
612 1279 740 1317 supra
770 1261 971 1309 diximus,
1009 1259 1303 1307 sermonibus,
1340 1269 1462 1314 puto.
1529 1257 1666 1311 Quod

241 1353 382 1382 autem
412 1339 622 1396 sequitur:
653 1355 864 1394 „quorum
890 1336 960 1391 Η)
997 1353 1041 1377 os
1066 1336 1367 1377 maledictione
1398 1347 1437 1376 et
1467 1334 1666 1375 amaritu-

241 1417 342 1458 dine
370 1418 548 1473 plenum
581 1421 695 1458 est:“
727 1432 774 1456 ex
804 1431 926 1455 nono
950 1412 1020 1469 ¹²)
1050 1414 1222 1455 Psalmo
1245 1412 1409 1454 videtur
1430 1423 1663 1468 acceptum.

240 1494 355 1536 Tum
387 1493 561 1536 deinde:
603 1494 802 1543 „veloces
823 1492 893 1546 13)
924 1492 1052 1548 pedes
1084 1507 1234 1532 eorum
1268 1493 1322 1532 ad
1353 1491 1663 1531 effundendum

239 1571 547 1623 sanguinem:“
592 1571 656 1610 vel
697 1569 740 1610 in
779 1569 903 1610 Esaia
932 1567 1002 1623 14)
1041 1569 1251 1619 invenies,
1295 1569 1359 1609 vel
1399 1569 1444 1610 in
1483 1567 1664 1608 Prover-

237 1649 330 1690 hiis.
351 1648 421 1703 15)
461 1647 547 1689 Sed
573 1657 633 1688 et:
663 1645 889 1696 „contritio
909 1646 978 1701 16)
1011 1657 1050 1686 et
1079 1645 1300 1686 infelicitas
1331 1644 1373 1685 in
1395 1644 1469 1686 viis
1500 1660 1665 1692 eorum,

358 1795 402 1850 1)
434 1795 586 1836 Psalm.
618 1792 728 1842 LIII,
756 1794 795 1835 2.
827 1791 964 1848 (LII.)
1083 1792 1127 1847 2)
1159 1792 1292 1834 Rom.
1315 1792 1388 1841 III,
1421 1793 1485 1836 11.

355 1865 402 1920 3)
438 1864 566 1905 Rom.
603 1863 677 1911 III,
709 1864 773 1905 10.

355 1934 402 1991 4)
435 1935 589 1976 Psalm.
620 1933 737 1983 XIV,
769 1935 807 1976 1.
840 1944 880 1974 et
906 1933 944 1975 3.
976 1933 1140 1989 (XIII.)

355 2005 401 2061 5)
429 2004 540 2046 Edd.
571 2004 633 2045 M.
666 2016 705 2044 et
734 2004 782 2046 R.
814 2004 852 2044 h.
884 2005 999 2054 loco,
1031 2005 1104 2046 cfr.
1139 2018 1230 2058 pag.
1251 2003 1345 2048 171.
1375 2014 1463 2043 not.
1495 2003 1533 2044 7.
1565 2002 1660 2043 coll.

235 2077 331 2119 pag.
361 2063 455 2105 173.
485 2072 575 2102 not.
607 2061 659 2110 6.,
691 2059 964 2102 honitatem.

360 2131 405 2189 6)
436 2131 554 2173 Editi
583 2130 643 2187 (e.
675 2148 708 2171 c.
742 2132 837 2172 edd.
869 2129 977 2185 Μ.);
1016 2146 1141 2180 „non
1181 2139 1240 2170 est
1276 2144 1409 2185 usque
1440 2128 1495 2171 ad
1525 2144 1660 2169 unum

239 2189 309 2245 qui
341 2190 502 2231 faciat.“
535 2189 583 2229 Γι.

355 2259 400 2314 ⁷)
433 2259 558 2300 Rom.
589 2258 664 2307 III,
695 2258 758 2301 13.
795 2258 893 2299 coll.
923 2256 1076 2298 Psalm.
1107 2255 1222 2304 XIV,
1253 2256 1292 2298 3.
1323 2254 1489 2311 (XM.)

352 2327 398 2385 3)
431 2328 546 2369 Alias
577 2329 634 2383 (ν.
669 2345 700 2370 c.
732 2328 776 2369 in
807 2329 902 2369 edd.
935 2326 1041 2382 Μ.);
1082 2326 1358 2377 ‚‚seeund0.“
1397 2323 1446 2364 R.
1477 2347 1527 2355 —
1572 2321 1658 2362 Cfr.

237 2385 392 2426 Psalm.
424 2386 474 2434 V,
505 2384 544 2426 9.

353 2454 398 2510 ⁹)
431 2454 556 2495 Rom·
588 2453 662 2501 ῙῘῙ,
693 2454 757 2497 13.
790 2454 887 2494 coll.
922 2451 1075 2494 Psalm.
1104 2451 1220 2499 XIV,
1254 2450 1293 2492 3.
1324 2447 1490 2505 (XIII.)

329 2525 398 2579 10)
429 2525 580 2566 Psalm.
613 2522 740 2572 CXL,
769 2525 810 2566 3.
847 2522 1139 2576 (CXXXIX.)

330 2595 399 2650 ¹¹)
432 2594 557 2634 Rom.
588 2595 660 2643 ΙΙΙ,
691 2594 756 2635 14.
789 2595 885 2634 coll.
917 2593 1070 2634 Psalm.
1103 2592 1216 2640 XIV,
1245 2591 1283 2634 3.
1313 2589 1478 2645 (XIII.)

328 2666 398 2718 ¹²)
430 2664 586 2705 Psalm.
616 2665 672 2714 X,
703 2666 739 2706 7.
772 2664 895 2719 (IX.)

328 2735 398 2789 ¹3)
432 2735 555 2775 Rom·
585 2735 657 2783 ΙΠ,
690 2737 752 2778 15.
785 2735 883 2775 coll.
917 2733 1069 2774 Psalm.
1099 2729 1214 2780 XIV,
1242 2731 1282 2772 3.
1313 2729 1478 2786 (XIII.)

327 2805 397 2858 ¹⁴)
428 2804 552 2846 Jesai.
585 2804 693 2854 LIX,
724 2806 760 2846 7.
884 2805 953 2858 ¹⁵)
986 2803 1072 2844 Csr.
1104 2801 1228 2842 Prov.
1261 2800 1333 2848 Vl,
1365 2800 1430 2843 18.

329 2875 398 2923 ¹⁶)
430 2875 554 2917 Rom.
586 2875 655 2923 Ill,
688 2875 753 2918 16.
788 2877 847 2918 17.
881 2876 978 2916 coll.
1013 2873 1161 2914 Psalm.
1195 2872 1311 2920 XIV,
1341 2873 1382 2915 3.
1417 2869 1579 2927 (XIII.)
