1788 3111
502 125 948 168 COMMENTARJORUM
978 125 1069 168 Lm.
1102 124 1172 166 IV.
1463 127 1545 171 287

128 238 333 296 piscentia
365 239 606 289 oculorum,
639 236 739 292 et¹)
769 237 968 294 superbia
1004 236 1125 287 vitae,
1153 253 1260 293 quae
1291 254 1380 279 non
1411 249 1470 281 est
1499 254 1548 280 ex

127 315 268 358 Deo.“
326 315 456 367 Igitur
483 316 528 357 in
559 331 645 371 quo
677 313 781 355 haec
811 325 927 364 sunt,
970 331 1064 356 non
1101 327 1240 371 potest
1275 316 1434 357 habere
1470 331 1548 372 pa·-

130 408 222 434 cem
256 393 309 434 ad
338 392 497 443 Deum,
525 393 599 434 sed
629 408 797 432 rursum
826 390 1067 433 inimicitias
1096 392 1287 442 suscitat,
1313 393 1428 442 illas,
1463 409 1546 448 pro

129 469 282 524 quibus
310 469 520 511 solvendis
555 468 742 510 Christus
772 468 962 518 advenit,
1004 469 1111 511 sicut
1151 480 1190 510 et
1218 470 1332 511 idem
1364 471 1551 525 Aposto-

129 545 194 586 lus
233 545 336 587 dicit
375 547 428 587 de
468 544 660 587 Christo:
698 545 875 601 ,‚ipse²)
917 557 975 587 est
1018 547 1131 588 enim
1171 563 1253 603 pax
1282 558 1446 597 nostra,
1477 546 1551 602 qui

129 621 229 663 fecit
264 634 444 678 utraque
479 639 635 672 unum,
674 633 713 663 et
753 622 944 663 medium
982 623 1186 679 parietem
1227 623 1335 679 sepis
1371 625 1552 674 solvens,

128 696 366 740 inimicitias
402 698 447 740 in
490 715 618 740 carne
655 715 750 740 sua:
791 701 925 751 legem
966 701 1269 742 mandatorum
1298 700 1342 741 in
1374 699 1553 741 decretis

132 790 351 824 evacuans,
380 784 426 815 ut
456 775 564 817 duos
595 777 799 816 conderet
834 776 880 816 in
915 788 1047 817 semet
1076 776 1167 832 ipso
1188 808 1199 827 ,
1236 777 1282 817 in
1311 793 1401 817 uno
1433 793 1549 817 novo

130 850 307 892 homine
346 852 503 893 faciens
541 857 731 908 pacem.“
801 851 935 906 Quod
974 853 1008 894 si
1048 853 1240 896 Christus
1280 853 1469 903 advenit,
1506 862 1555 894 ut

129 927 367 970 inimicitias
382 930 574 979 solveret,
601 945 754 984 pacem
784 931 960 979 faceret,
989 946 1037 971 ac
1070 931 1312 972 dissidentes
1341 947 1421 972 nos
1450 946 1554 986 pro-

127 1015 224 1059 pter
242 1022 384 1060 sepem
415 1005 613 1055 malitiae,
644 1022 772 1061 quam
802 1009 1022 1062 peccando
1054 1009 1275 1058 texuimus,
1302 1008 1556 1049 reconcilia-

129 1094 193 1123 ret
221 1082 318 1123 Deo
349 1082 514 1140 peccati
540 1099 640 1139 sepe
664 1084 871 1125 resoluta:
903 1083 974 1139 qui
989 1083 1141 1125 iterum
1162 1086 1215 1126 ad
1243 1096 1416 1141 peccata
1449 1101 1557 1125 con-

131 1159 325 1209 vertitur,
361 1160 451 1202 sine
489 1160 624 1201 dubio
665 1177 808 1202 rursus
847 1160 1087 1203 inimicitias
1116 1174 1306 1217 reparat,
1343 1174 1382 1203 et
1408 1177 1555 1217 sepem

134 1236 400 1278 dissensionis
428 1237 586 1286 intexit,
618 1248 656 1278 et
685 1253 762 1292 per
777 1237 881 1278 haec
900 1254 1006 1293 opus
1034 1237 1189 1280 Christi
1216 1239 1353 1288 solvit,
1385 1249 1426 1279 et
1459 1255 1555 1279 cru-

134 1328 227 1354 cem
272 1313 477 1369 passionis
521 1312 608 1371 ejus
652 1325 834 1356 evacuat.
914 1315 999 1355 Sed
1044 1332 1123 1358 nos
1163 1313 1405 1372 „justificati
1421 1314 1467 1370 ³)
1507 1331 1556 1356 ex

134 1391 243 1440 fide,
285 1407 435 1446 pacem
477 1391 711 1433 habeamus
727 1389 773 1446 ⁴)
813 1393 868 1433 ad
909 1391 1052 1433 Deum
1091 1409 1170 1448 per
1198 1392 1441 1433 Dominum
1471 1409 1554 1433 no-

131 1479 266 1508 strum
293 1467 441 1508 Jesum
473 1465 728 1509 Christum.“
785 1469 1031 1511 Habeamus
1054 1486 1218 1526 pacem,
1248 1482 1296 1512 ut
1323 1470 1435 1511 ultra
1463 1487 1555 1511 non

134 1545 375 1585 adversetur
404 1560 503 1584 caro
532 1544 722 1600 spiritui,
750 1563 829 1587 nec
858 1546 939 1597 iegi
969 1546 1051 1587 Dei
1083 1548 1311 1588 obsistatur
1329 1547 1373 1600 ⁵)
1413 1563 1436 1587 a
1466 1547 1557 1597 lege

131 1621 442 1663 membrorum.
487 1621 588 1662 Non
619 1623 669 1662 sit
686 1622 730 1663 in
756 1622 881 1664 nobis
910 1635 996 1673 „est
1012 1622 1056 1678 ⁶)
1089 1635 1127 1664 et
1145 1628 1285 1664 non:“
1312 1625 1386 1665 sed
1419 1640 1554 1664 unum

133 1697 325 1740 dicamus
356 1714 529 1748 omnes,
560 1700 709 1740 eadem
738 1700 965 1756 sapiamus,
994 1717 1074 1741 nec
1100 1700 1210 1742 intra
1231 1712 1399 1742 nosmet
1430 1700 1558 1757 ipsos,

131 1790 213 1816 nec
244 1773 496 1816 extrinsecus
540 1776 595 1816 ad
637 1775 819 1816 invicem
865 1777 1074 1818 habeatur
1120 1779 1205 1819 ulla
1249 1777 1477 1829 dissensio,
1517 1790 1557 1820 et

130 1863 234 1893 tunc
261 1867 413 1908 pacem
452 1851 703 1894 habebimus
720 1851 765 1909 ⁷)
806 1855 860 1895 ad
898 1854 1043 1895 Deum
1083 1872 1163 1911 per
1205 1855 1447 1896 Dominum
1476 1872 1559 1896 no-

131 1939 265 1969 strum
293 1927 441 1970 Jesum
474 1926 702 1974 Christum.
759 1931 871 1972 Illud
911 1931 1114 1986 autemss)
1155 1933 1381 1974 certissime
1421 1933 1557 1974 scicn-

136 2005 239 2045 dum
271 2016 342 2053 est,
372 2004 470 2059 quia
494 2006 644 2055 omnis,
674 2006 719 2047 in
741 2024 827 2062 quo
852 2020 911 2050 est
939 2009 1123 2050 malitiae
1142 2009 1302 2058 vitium,
1335 2025 1554 2064 nunquam

135 2091 274 2137 potest
310 2081 470 2121 habere
504 2096 667 2135 pacem.
724 2083 844 2125 Dum
884 2085 995 2126 enirn
1035 2101 1203 2141 semper
1233 2087 1409 2138 cogitat,
1448 2102 1556 2141 quo-

257 2261 300 2316 1)
332 2261 496 2303 Verba:
535 2274 602 2312 „et
635 2264 834 2319 superbia
875 2265 1031 2315 vitae,“
1079 2282 1170 2307 non
1212 2278 1462 2322 comparent
1511 2266 1555 2307 in

138 2317 237 2360 Mss.
266 2318 432 2368 nostris,
460 2334 540 2359 nec
571 2321 686 2375 apud
715 2320 952 2363 Rabanum.
986 2323 1035 2364 R.

253 2386 299 2442 ²)
329 2386 484 2443 Ephes.
515 2388 568 2438 II,
597 2390 663 2431 14.
695 2389 761 2432 15.

251 2457 298 2512 3)
328 2456 453 2499 Rom.
483 2458 536 2508 V,
565 2462 603 2504 1.

252 2528 298 2582 4)
330 2528 466 2569 Alias:
495 2530 765 2577 ‚‚habemus.“
796 2531 846 2572 R.
888 2556 936 2563 —-
978 2530 1091 2573 Edd.
1118 2529 1178 2571 M.
1210 2531 1293 2572 hoc
1323 2532 1449 2581 loco,
1481 2533 1554 2574 csr.

136 2599 228 2639 pag.
257 2584 353 2627 285.
382 2595 471 2626 not.
500 2586 539 2628 3.
569 2587 866 2637 ,‚habeamus.“

253 2653 298 2708 ⁵)
327 2655 407 2696 Ed.
439 2654 500 2698 M.
530 2655 577 2697 I:
612 2656 795 2698 obsistat.

253 2722 301 2778 ⁶)
329 2723 369 2762 Π
403 2724 503 2767 Cor.
530 2724 563 2774 I,
592 2724 657 2768 17.
686 2725 752 2768 18.
783 2726 849 2770 19.

253 2790 300 2844 ⁷)
329 2792 440 2834 Alias
469 2794 529 2848 (v.
561 2810 594 2835 c.
625 2794 671 2835 in
700 2797 795 2836 edd.
825 2794 930 2851 ΜΛ)
962 2795 1234 2846 ‚,habemus.“
1266 2797 1317 2840 R.

251 2858 299 2914 8)
328 2861 438 2904 Edd.
468 2861 662 2906 Merlini:
691 2865 869 2915 „enim.“
