1788 3111
230 117 317 161 256
570 113 793 158 Omenms
821 128 868 159 m
896 119 973 160 Er.
1003 126 1063 158 An
1095 114 1322 160 Romanos

231 240 396 272 certum
437 237 511 278 est,
541 228 661 283 quod
706 226 768 269 ibi
804 243 884 269 nec
922 227 1226 284 praevaricatio
1269 229 1361 273 erit.
1427 228 1516 285 Qui
1554 247 1655 273 vero

231 307 310 348 sub
352 305 428 346 ista
469 304 560 358 lege
603 303 783 355 fuerint,
822 317 1133 362 consequenter
1170 323 1250 348 nec
1285 307 1487 348 haeredes
1518 319 1654 348 erunt.

233 382 370 436 Quod
400 380 501 438 et¹)
537 380 571 422 si
602 382 656 423 de
688 382 779 434 lege
809 382 946 424 lVIosis
978 384 1306 425 commemorari
1338 383 1428 440 quis
1458 383 1576 435 velit,
1615 396 1656 426 et

232 460 387 509 dicere,
418 458 513 516 quia
543 457 651 500 iram
682 470 895 515 operatur,
924 478 1004 517 pro
1037 479 1087 503 eo
1118 461 1306 503 fortassis
1327 462 1421 502 solo
1443 462 1526 501 hoc
1554 473 1654 516 pot-

234 537 313 580 erit
343 538 567 587 affirmare,
601 538 720 592 quod
747 539 1054 594 peccantem²>
1084 539 1128 579 in
1157 555 1201 580 se
1235 549 1308 580 aut
1336 536 1517 593 lapidari
1548 553 1652 579 con—

230 615 380 664 tinuo,
412 625 484 655 aut
513 613 691 655 cremari
719 613 885 667 ignibus
916 612 1058 671 jubet,
1097 615 1163 656 vel
1193 615 1227 657 si
1259 616 1378 671 quod
1407 614 1523 656 aliud
1552 630 1654 670 pec-

232 692 424 734 cantibus
464 690 707 732 decernitur
744 690 789 731 in
832 691 924 743 lege
962 691 1240 747 supplicium:
1290 704 1338 732 ut
1373 708 1514 748 poena
1552 691 1657 747 ipsa,

233 785 341 825 quae
373 767 566 824 peccanti
593 767 775 808 insertur
804 784 852 809 ex
883 768 986 821 lege,
1017 768 1079 809 ira
1109 785 1225 809 nunc
1255 769 1307 808 ab
1330 770 1542 825 Apostolo
1572 784 1655 808 no-

229 846 390 887 minata
422 845 569 900 esse3)
610 844 814 887 videatur.
873 845 1077 887 Similiter
1116 857 1157 887 et
1196 847 1250 886 de
1278 845 1654 901 praevaricatione,

230 936 279 965 ut
308 940 400 964 non
430 938 604 963 omnem
644 923 1048 979 praevaricationem
1087 922 1338 975 generaliter
1366 922 1411 964 in
1440 925 1524 964 hoc
1554 923 1654 963 loco

229 1002 420 1042 adstruat
450 999 719 1055 appellatam,
750 1001 824 1041 sed
855 998 942 1057 ejus
975 999 1049 1055 qui
1078 999 1124 1040 in
1148 1000 1239 1053 lege
1265 1000 1428 1056 positus
1462 985 1654 1054 delique-

228 1078 304 1121 rit:
335 1089 384 1118 ut
413 1077 575 1130 gravius
607 1076 809 1118 delictum
837 1076 1030 1117 videatur
1059 1075 1160 1134 ejus,
1187 1077 1259 1132 qui
1281 1093 1358 1133 per
1386 1076 1522 1128 legem
1550 1091 1654 1131 pro-

229 1156 388 1197 hibitus
407 1154 453 1211 ⁴²)
482 1165 652 1210 peccat,
684 1170 811 1208 quam
843 1152 952 1209 ejus,
995 1153 1067 1209 qui
1104 1154 1224 1194 nulla
1253 1153 1382 1194 suerit
1411 1153 1503 1205 lege
1535 1169 1654 1193 com-

228 1232 429 1275 monitus.
489 1231 576 1272 Sed
607 1241 648 1270 et
676 1229 785 1269 illud
814 1228 1047 1270 videndum
1065 1241 1136 1279 est,
1169 1228 1267 1285 quia
1286 1245 1378 1270 non
1402 1227 1504 1268 dixit
1533 1229 1653 1283 Apo-

229 1311 378 1361 stolus,
411 1309 542 1364 quod,
572 1306 648 1347 ubi
678 1306 745 1346 lex
774 1305 928 1356 fuerit,
958 1305 1018 1346 ibi
1050 1317 1090 1347 et
1118 1304 1443 1362 praevaricati03
1473 1305 1548 1346 sed
1575 1304 1653 1345 ait:

229 1386 393 1441 „ubi⁵>
432 1396 574 1426 autem
618 1400 709 1424 non
740 1395 801 1424 est
838 1383 928 1433 lex,
971 1400 1050 1424 nec
1081 1383 1425 1439 praevaricatio.“
1483 1382 1534 1422 In
1566 1398 1652 1438 quo

231 1463 438 1513 ostendit,
490 1462 609 1518 quod
653 1460 957 1516 praevaricatio
999 1460 1173 1516 quidem
1215 1477 1303 1502 esse
1348 1459 1526 1502 omnino
1563 1475 1656 1500 non

228 1542 375 1599 possit,
404 1540 486 1582 nisi
514 1540 581 1580 lex
611 1537 761 1591 fuerit3
790 1555 881 1579 non
911 1550 1074 1588 tamen,
1100 1538 1133 1579 si
1162 1539 1228 1579 lex
1259 1537 1322 1588 sit,
1355 1537 1472 1578 omni
1503 1552 1656 1590 genere

231 1618 356 1660 etiam
384 1615 687 1673 praevaricatio
720 1616 809 1657 erit.
866 1616 1014 1657 Potest
1044 1615 1157 1656 enim
1186 1615 1299 1665 fieri,
1337 1626 1385 1656 ut
1414 1614 1465 1657 sit
1494 1615 1583 1664 lex,
1616 1626 1656 1655 et

227 1693 530 1751 praevaricatio
561 1709 652 1733 non
682 1692 756 1734 sit:
787 1709 878 1733 non
907 1704 1047 1748 potest
1076 1704 1219 1733 tamen
1248 1691 1362 1741 fieri,
1402 1703 1450 1732 ut
1478 1707 1652 1747 praeva-

229 1771 376 1812 ricatio
408 1770 472 1820 sit,
502 1769 576 1810 ubi
605 1770 671 1810 lex
701 1786 792 1811 non
823 1781 895 1811 est.
952 1770 1064 1810 Nam
1081 1769 1126 1821 ⁶)
1157 1768 1232 1810 etsi
1253 1768 1386 1810 Mosis
1406 1769 1541 1821 legem
1570 1784 1651 1823 po—

228 1866 393 1898 namus,
423 1864 514 1888 non
546 1846 751 1888 continuo
785 1863 943 1896 omnes,
977 1846 1049 1902 qui
1073 1848 1151 1887 sub
1179 1845 1312 1888 Mosis
1330 1847 1420 1898 lege
1448 1845 1653 1895 vixerunt,

227 1925 273 1967 in
288 1923 693 1982 praevaricationem
716 1923 815 1965 sacti
834 1936 952 1965 sunt:
983 1923 1174 1980 alioquin
1196 1924 1321 1965 simul
1352 1934 1391 1963 et
1410 1924 1653 1978 prophetas,

230 2015 272 2045 et
302 2019 449 2044 omnes
488 2000 622 2059 justos
661 2001 856 2042 videmur
896 2000 1129 2043 involvere:
1171 2001 1250 2042 nisi
1290 2003 1402 2042 forte
1433 1999 1545 2040 dicat
1574 1998 1650 2040 ali-

231 2081 336 2138 quis,
367 2079 499 2138 justos
532 2095 679 2120 omnes
711 2089 751 2120 et
779 2080 1008 2134 prophetas
1038 2096 1129 2120 non
1157 2091 1245 2120 tam
1275 2079 1353 2119 sub
1385 2078 1488 2130 lege,
1521 2094 1649 2133 quam

229 2161 308 2202 sub
340 2160 426 2200 fide
454 2157 619 2208 vixisse,
658 2168 902 2213 peccatores
932 2173 1032 2198 vero
1065 2168 1106 2198 et
1135 2155 1313 2214 injustos
1343 2156 1444 2210 legis
1474 2153 1650 2198 vinculis

349 2339 392 2395 ¹)
425 2340 557 2381 Deest
585 2344 681 2390 „et“
707 2339 751 2380 in
783 2340 879 2382 edd.
909 2341 973 2381 M.

344 2411 391 2465 ²)
425 2409 560 2451 Alias:
593 2423 868 2466 „peccantem
897 2415 978 2453 se.“
1008 2411 1060 2453 R.

343 2480 391 2536 ³)
423 2480 701 2521 Desideratur
730 2487 871 2530 „esse“
900 2481 945 2522 in
978 2481 1042 2521 ed.
1073 2478 1220 2520 Ruaei.

344 2549 391 2606 ¹²)
421 2550 538 2592 Editi
577 2552 635 2606 (v.
675 2568 709 2592 c.
741 2553 835 2592 edd.
866 2551 973 2606 M):
1003 2549 1283 2605 „prohibetur
1313 2560 1353 2590 et
1382 2554 1566 2605 pcccat.“
1596 2550 1646 2591 R.

342 2620 388 2676 ⁵)
419 2622 543 2662 Rom.
574 2621 642 2670 lV,
675 2621 740 2663 15.

343 2692 390 2747 ⁶)
422 2691 492 2733 Sic
523 2707 671 2733 omnes
701 2691 816 2740 Mss„
843 2691 1047 2731 Rabanus
1081 2700 1122 2730 ct
1152 2688 1418 2732 Salodianus.
1481 2689 1646 2732 Caeteri

228 2764 328 2789 vero
361 2748 461 2788 editi
493 2747 552 2804 (c.
583 2764 616 2789 c.
649 2748 713 2788 ed.
742 2748 804 2788 M.
836 2748 886 2788 ll
892 2747 934 2802 ):
967 2748 1093 2796 „Non
1127 2757 1166 2786 ct
1196 2745 1231 2786 si
1260 2746 1391 2787 Musis
1425 2773 1475 2779 —
1507 2764 1644 2803 pona-

229 2822 336 2854 mus,
368 2803 600 2846 continuo“
633 2816 708 2846 cte.
738 2804 789 2844 R.
814 2830 866 2837 --
884 2805 965 2847 Ed.
994 2803 1056 2846 Μ
1076 2804 1116 2845 Ι·
1147 2803 1286 2854 „Nam
1310 2815 1350 2844 ct
1374 2803 1406 2846 si
1429 2803 1561 2847 MosIS
1592 2829 1644 2837 —

228 2876 454 2918 ponamus,
483 2860 716 2905 continu0“
747 2871 823 2905 etc.

1783 0 1788 171 ι
