1788 3111
184 135 268 179 116
520 132 742 177 OmGEms
771 145 818 177 m
847 132 926 176 Er.
956 141 1016 175 An
1045 131 1273 175 Rommos

183 247 296 290 ris:“
335 258 375 288 ct
405 245 479 302 qui
507 246 810 289 abominantur
846 247 990 298 idola,
1028 245 1296 298 sacrilegium
1327 244 1613 295 committunt,

182 325 369 382 pretiosa
399 340 496 365 vasa
525 325 578 365 de
599 326 762 381 templo
785 324 884 375 Dei,
912 323 957 366 id
985 335 1055 375 est,
1083 339 1208 365 verae
1236 322 1336 364 fidei
1366 321 1611 374 margaritas

185 404 239 443 de
269 401 498 457 Scripturis
537 401 690 443 sanctis
719 403 926 443 furantes:
965 417 1044 457 per
1072 416 1180 456 quos
1211 411 1252 441 et
1272 397 1314 456 ¹)
1354 415 1545 450 „nomen
1561 397 1610 454 ²)

184 479 269 520 Dei
307 478 628 534 blasphematur
664 479 776 520 inter
805 477 1022 528 Gentes,“
1063 479 1166 519 dum
1206 487 1317 518 casta
1357 486 1398 516 et
1434 475 1612 517 honesta

186 556 386 598 ecclesiae
417 558 617 608 dogmata
650 555 862 611 corruptis
893 572 941 596 ac
971 555 1167 611 turpibus
1196 552 1474 608 maculant3)
1509 553 1610 594 hae-

186 635 342 676 reticae
371 633 586 690 pravitatis
617 633 844 674 erroribus.
904 632 967 673 Ex
1004 631 1085 673 illis
1122 631 1233 672 enim
1268 643 1308 671 et
1345 627 1614 678 infanticidii,

186 724 226 753 et
262 711 432 760 incesti,
477 721 834 766 caeterorumque
869 709 1071 751 similium
1110 710 1317 751 scelerum
1355 705 1518 762 probra
1557 704 1612 744 ad

183 789 388 831 invidiam
417 798 586 829 sanctae
614 786 830 838 religionis
862 798 1004 828 exorta
1033 797 1143 829 sunt.
1201 783 1437 825 Sciendum
1468 791 1610 823 tamen

186 879 266 917 est,
312 867 418 907 haec
461 864 721 920 Apostolum
769 881 848 920 per
888 864 1073 905 ironiam
1122 863 1264 904 dicere
1308 862 1363 901 ad
1408 860 1611 900 Judaeos.

184 945 336 999 Neque
367 941 480 983 enim
512 939 585 997 qui
613 956 711 981 vere
741 940 1023 995 requiesciffl)
1050 940 1094 981 in
1124 940 1237 991 lege,
1267 949 1307 978 et
1337 936 1541 990 gloriatur
1565 933 1611 975 in

184 1022 297 1071 Deo,
328 1032 368 1061 et
399 1020 557 1075 probat
580 1018 768 1067 utiliora,
798 1018 916 1066 haec,
947 1033 1056 1071 quae
1075 1026 1320 1057 enumerata
1340 1025 1450 1063 sunt,
1472 1014 1612 1054 facere

187 1100 425 1140 credendus
456 1108 526 1138 est.
587 1094 903 1137 Testimonium
941 1110 1064 1143 sane,
1104 1093 1222 1148 quod
1252 1090 1418 1148 posuit,
1455 1089 1500 1131 id
1530 1098 1611 1130 est:

187 1191 375 1227 „nomen
394 1172 438 1230 ⁵)
472 1174 585 1215 enim
599 1171 644 1226 ⁶)
676 1170 759 1211 Dei
789 1187 867 1227 per
896 1187 969 1213 vos
999 1169 1319 1226 blasphematur
1353 1168 1466 1210 inter
1495 1165 1612 1207 Gen-

187 1258 304 1296 tes:“
335 1253 388 1293 de
417 1249 540 1292 Esaia
570 1260 759 1290 sumtum
791 1259 860 1290 est.

300 1332 367 1372 12.
406 1324 714 1378 „Circumcisio
734 1324 777 1379 ⁷)
809 1325 983 1380 quidem
1012 1325 1210 1379 prodest,
1239 1324 1272 1365 si
1303 1325 1438 1375 legem
1469 1332 1614 1363 custo-

186 1408 297 1452 dias:
327 1406 362 1448 si
387 1417 528 1446 autem
550 1402 871 1459 praevaricator
888 1401 990 1454 legis
1010 1401 1077 1451 sis,
1108 1399 1377 1442 circumcisio
1396 1411 1467 1440 tua
1489 1414 1613 1456 prae-

184 1486 352 1544 putium
400 1484 510 1524 facta
566 1491 635 1521 est.
708 1480 756 1521 Si
805 1479 933 1531 igitur
973 1478 1248 1536 praeputium
1292 1475 1466 1532 justitias
1516 1476 1616 1528 legis

186 1561 418 1611 custodiat,
451 1575 599 1601 nonne
627 1558 900 1613 praeputium
931 1556 1043 1598 illius
1071 1556 1116 1597 in
1148 1554 1518 1597 circumcisionem
1548 1569 1614 1594 re-

182 1639 417 1697 putabitur,
449 1649 488 1677 et
515 1635 725 1693 judicabit
751 1635 809 1684 id,
840 1635 959 1690 quod
991 1650 1038 1674 ex
1066 1644 1217 1674 natura
1249 1643 1306 1673 est
1328 1629 1615 1686 praeputium,

183 1719 321 1768 legem
353 1711 650 1771 perficiens,⁸)
680 1724 740 1760 te,
770 1710 843 1766 qui
871 1726 950 1766 per
978 1709 1142 1750 literam
1174 1719 1214 1748 et
1244 1707 1613 1759 circumcisionem

183 1792 502 1849 praevaricator
533 1806 573 1830 es
604 1787 735 1840 legis?
793 1788 895 1828 Non
927 1786 1054 1836 enim,
1085 1785 1158 1841 qui
1191 1785 1237 1826 in
1267 1784 1505 1834 manifesto,
1534 1785 1615 1826 Ju-

185 1873 314 1913 daeus
346 1880 418 1917 est,
446 1883 588 1923 neque
616 1882 724 1922 quae
754 1865 797 1906 in
828 1863 1054 1906 manifesto
1085 1874 1156 1912 est,
1184 1862 1230 1903 in
1260 1878 1399 1912 carne,
1430 1862 1616 1904 circum-

186 1947 312 1998 cisio;
350 1946 424 1987 sed
464 1944 538 1999 qui
568 1943 612 1984 in
647 1942 818 1984 occulto
836 1941 882 1996 ⁹)
920 1941 1111 1982 Judaeus
1150 1951 1231 1990 est,
1269 1951 1308 1981 et
1346 1939 1611 1981 circumcisio

186 2023 341 2073 cordis,
369 2023 413 2064 in
444 2020 605 2077 spiritu,
636 2036 727 2060 non
758 2020 899 2061 litera:
932 2016 1051 2075 cujus
1069 2019 1160 2060 laus
1176 2034 1268 2059 non
1290 2033 1337 2057 ex
1365 2015 1614 2059 hominibus

186 2112 267 2151 est,
304 2101 377 2142 sed
411 2116 458 2140 ex
489 2098 628 2139 Deo.“
687 2095 812 2150 Quae
840 2096 892 2138 sit
924 2094 1213 2146 circumcisio,
1252 2111 1381 2150 quam
1411 2095 1614 2151 prodesse

307 2289 348 2346 ¹)
377 2289 658 2331 Desideratur
688 2293 778 2339 „et“
808 2288 851 2329 in
885 2289 980 2329 edd.
1011 2286 1197 2328 Meu-lini.

301 2357 347 2415 ²)
380 2358 506 2401 Rom.
537 2359 589 2407 Il,
618 2360 685 2401 24.
719 2360 814 2400 coll.
845 2358 970 2399 Jesai.
1000 2357 1086 2407 Lll,
1116 2359 1154 2399 5.

300 2429 347 2484 ³)
377 2427 493 2469 Editi
524 2430 583 2484 (e.
617 2447 648 2470 c.
683 2430 778 2469 edd.
810 2428 914 2483 M.):
946 2428 1280 2476 „maculanturf‘
1312 2426 1359 2466 R.

299 2497 346 2553 ⁴²)
377 2496 503 2539 Rom.
533 2498 586 2548 H,
618 2500 681 2542 17.
712 2498 778 2540 18.

302 2568 348 2622 ⁵)
378 2567 506 2608 Rom.
539 2568 591 2617 ll,
621 2570 688 2610 24.
725 2570 823 2609 coll.
854 2568 979 2610 Jcsai.
1010 2568 1095 2618 LH,
1123 2569 1162 2611 5.

300 2637 347 2694 ὅ)
377 2637 489 2680 Edd.
520 2637 717 2680 Merlini:
746 2638 830 2679 Dei
862 2639 987 2680 enim.

302 2709 346 2763 ⁷)
379 2709 503 2751 Rom.
534 2708 588 2758 II,
615 2709 814 2751 25—-29-

300 2778 347 2833 ⁸)
378 2779 488 2820 Edd.
523 2777 719 2819 Merlini:
752 2795 1065 2821 consummans.

300 2848 345 2902 ⁹)
376 2848 485 2890 Edd.
519 2848 714 2890 Mei-lini:
748 2848 1009 2891 abscondito.
