1788 3111
196 112 283 157 158
536 111 758 157 Omossms
787 126 835 156 m
865 114 943 157 ΕΡ.
973 125 1034 156 An
1066 110 1294 157 Rommos'

195 244 289 269 aras
320 224 537 277 Gentium,
565 237 605 268 et
630 223 762 269 idola.
823 227 948 282 Quae
977 227 1125 284 utique
1154 227 1198 269 in
1232 228 1479 280 allegoriam
1511 249 1630 274 sum—

194 317 282 355 tae,
311 321 403 345 non
431 315 532 347 sunt
560 321 608 345 ex
638 303 780 346 divina
809 305 1034 361 sapientia,
1073 307 1147 348 sed
1179 321 1226 346 ex
1256 305 1363 357 illis,
1393 323 1502 363 quac
1531 321 1630 351 sunt

195 382 234 424 ei
264 382 517 432 contrariae,
547 382 593 424 id
624 394 693 432 est,
726 382 891 424 alienae
921 400 942 424 a
970 382 1068 424 Deo
1100 395 1252 426 sectae.
1311 383 1426 426 Talis
1458 401 1557 438 ergo
1590 398 1630 428 et

192 460 300 500 haec
323 459 455 500 Uriae
484 477 607 510 uxor,
638 459 865 509 Chitthaei,
883 459 926 514 1)
957 460 1034 501 viri
1056 460 1182 501 alieni
1204 462 1257 502 ab
1278 461 1420 512 Israel,
1448 462 1628 516 intelligi

192 548 355 593 potest,
398 553 527 592 quam
555 536 719 593 positus
758 537 803 577 in
842 538 1136 592 superioribus
1166 538 1308 580 David
1337 538 1626 595 inspexerit2)

191 615 403 656 lavantem
425 613 716 655 immunditias
738 630 832 654 suas
862 615 905 654 in
940 615 1071 669 aquis,
1103 627 1142 656 et
1172 617 1319 658 sordes
1346 633 1440 658 suas
1462 618 1626 658 diluere

191 693 431 741 volentem,
474 707 654 746 eamque
685 691 1006 741 desideraverit,
1049 703 1088 733 et
1124 693 1348 749 acceperit.
1408 693 1495 735 Sed
1526 693 1624 749 quia

188 787 284 811 non
322 768 403 809 fuit
441 770 636 809 voluntas
669 767 872 818 Domini,
914 767 1070 811 alienas
1108 786 1130 811 a
1167 772 1340 811 veritate
1369 770 1456 811 Dei
1493 782 1624 812 sectas

188 847 408 889 introduci
425 845 472 902 3)
508 845 552 885 in
596 847 777 886 domum
817 846 981 896 David,
1024 846 1163 903 prima
1203 846 1291 905 ejus
1331 848 1544 898 nativitas,
1582 858 1622 888 et

188 925 354 982 primus
373 925 534 965 fructus
567 922 913 977 exstinguitur‚4)
944 935 990 964 ut
1018 926 1206 966 secunda
1229 924 1435 980 progenie
1465 941 1535 965 rex
1566 925 1621 966 de

189 1001 423 1053 alienigena
461 1002 627 1057 sapiens
665 1012 921 1042 nasceretur.
990 1001 1074 1043 Sed
1113 1003 1290 1054 longum
1332 1013 1412 1051 est,
1459 1002 1619 1043 horum

185 1081 341 1132 figuras
375 1091 414 1120 et
443 1077 679 1130 aenigmata
700 1077 911 1134 persequi.
968 1078 1082 1120 Illud
1107 1091 1261 1130 tamen,
1292 1080 1411 1135 quod
1442 1082 1497 1121 ad
1527 1096 1619 1121 rem

185 1156 383 1213 pertinet,
413 1155 600 1196 breviter
628 1172 955 1211 prosequemur.
1015 1155 1140 1206 Cum,
1168 1156 1320 1212 inquit,
1350 1157 1483 1198 multa
1513 1158 1616 1198 sub-

185 1234 313 1276 tilitas
342 1234 394 1274 sit
422 1234 469 1275 in
499 1232 700 1273 varietate
739 1244 974 1282 sectarum,
1017 1244 1056 1273 et
1097 1233 1169 1289 qui
1206 1249 1351 1275 sensus
1378 1235 1616 1275 secundum

183 1310 331 1352 Deum
362 1309 434 1359 sit,
473 1309 546 1364 qui
575 1326 676 1351 vero
709 1310 870 1352 alienus
902 1327 925 1351 a
956 1310 1053 1350 Deo
1088 1310 1132 1351 in
1161 1310 1548 1367 tractationibus⁵)
1579 1323 1619 1353 et

184 1386 545 1444 disputationibus
575 1387 856 1443 sapientium,
892 1388 1051 1429 nullius
1080 1387 1132 1429 sit
1159 1387 1288 1437 scire,
1319 1389 1383 1429 vel
1411 1387 1617 1445 judicare,

181 1465 264 1507 nisi
293 1464 423 1507 solius
454 1463 551 1515 Dei,
582 1464 655 1520 qui
687 1466 803 1507 solus
824 1476 963 1521 potest
988 1464 1358 1520 comprehendere
1372 1465 1417 1520 6)
1446 1466 1615 1522 sapien-

181 1553 243 1584 tes
273 1542 318 1583 in
350 1541 498 1584 astutia
528 1559 626 1584 sua:
669 1542 769 1584 ideo
813 1541 986 1598 „tibi⁷)
1025 1541 1108 1583 soli
1136 1542 1331 1597 peccavi,
1373 1554 1413 1584 et
1450 1544 1613 1585 malum

184 1636 333 1661 coram
372 1629 416 1659 te
443 1619 585 1670 feci“,
627 1621 726 1676 quia
767 1620 921 1662 caeteri
953 1635 1124 1668 omnes,
1165 1630 1318 1674 utpote
1348 1620 1549 1661 animales
1565 1620 1613 1675 8)

180 1696 398 1746 homines,
429 1712 521 1746 me,
552 1696 626 1752 qui
654 1696 882 1752 spiritualis
911 1714 1028 1746 sum,
1071 1695 1233 1736 etiarnsi
1263 1697 1420 1746 erravi,
1454 1697 1612 1756 dijudi-

183 1789 281 1815 care
308 1789 401 1814 non
430 1785 630 1829 possunt:
663 1775 763 1830 quia
792 1774 1046 1830 „spiritualis
1065 1772 1110 1828 9)
1139 1771 1302 1830 judicat
1331 1773 1491 1823 omnia,
1520 1774 1611 1831 ipse

180 1860 282 1885 vero
313 1860 336 1884 a
365 1844 538 1885 nemine
564 1842 819 1901 judicatur.“
885 1845 972 1887 Sed
1011 1844 1109 1899 quia
1145 1843 1264 1884 addit
1293 1843 1452 1886 Paulus
1490 1847 1609 1901 „spi-

181 1920 389 1972 ritualis“‚
424 1932 465 1962 et
501 1920 624 1963 dicit:
662 1920 863 1977 „qui¹⁰)
895 1932 1036 1962 autem
1069 1919 1229 1976 judicat
1258 1937 1348 1971 mc,
1389 1922 1608 1964 Dominus

182 2003 300 2041 est:“
331 1999 417 2040 hoc
445 2000 580 2041 sciens
612 2010 652 2040 et
679 1998 842 2050 David,
881 1999 1001 2054 quod
1030 1999 1146 2040 solus
1174 1997 1393 2041 Dominus
1423 2010 1503 2049 est,
1535 1999 1608 2055 qui

178 2075 442 2133 spiritualem
484 2074 712 2134 dijudicat,
752 2075 905 2132 vel¹¹)
949 2075 1234 2133 prophetam,
1281 2074 1446 2118 idcirco
1487 2075 1607 2118 dicit:

300 2187 343 2244 Ι)
375 2187 463 2230 Cfr.
492 2203 586 2244 pag.
618 2187 711 2233 156.
740 2199 829 2229 not.
859 2187 898 2231 8.

296 2257 342 2310 2)
372 2258 485 2299 Edd.
525 2258 720 2301 Merlini:
758 2258 951 2315 inspexit.
1025 2258 1114 2301 Cfr.
1151 2257 1193 2299 II
1223 2259 1411 2301 Samuel.
1449 2257 1536 2308 XI,
1563 2259 1602 2300 2.

179 2330 292 2371 seqq.
323 2314 387 2369 (ΙΙ
416 2313 567 2371 Regg.)

295 2370 342 2426 3)
371 2371 486 2412 Alias
517 2371 576 2427 (e.
609 2388 642 2412 c.
671 2372 718 2413 in
748 2372 844 2414 edd.
874 2372 982 2429 Ma)
1012 2372 1353 2423 „introducere.“
1385 2369 1436 2411 R.

295 2440 342 2496 ¹²)
373 2441 412 2480 II
443 2441 557 2482 Sam.
588 2441 686 2491 XII,
716 2443 782 2486 19.
811 2442 879 2485 24.
910 2443 976 2499 (ΙΙ
1007 2442 1156 2498 Regg.)

296 2510 342 2567 ⁵)
371 2511 484 2553 Edd.
515 2510 710 2554 Merlini:
740 2514 997 2556 tractatibus.

296 2583 343 2637 6)
372 2583 472 2624 Job.
503 2582 558 2632 V,
588 2582 653 2625 13.
687 2584 784 2624 coll.
817 2583 835 2623 Ι
868 2582 969 2625 Cor.
999 2583 1073 2633 III,
1103 2583 1169 2625 19.

297 2652 342 2707 ⁷)
373 2653 527 2695 Psalm.
557 2652 625 2704 LI,
653 2652 692 2694 4.
724 2652 818 2709 (L.)
935 2653 981 2710 8)
1012 2653 1031 2694 I
1057 2652 1156 2694 Cor.
1188 2651 1241 2702 ΙΙ,
1273 2652 1338 2697 14.

296 2722 341 2773 9)
374 2724 392 2764 I
426 2723 526 2765 Cor.
556 2723 610 2775 ΙΙ,
640 2724 706 2768 15.
828 2723 899 2780 ¹⁰)
931 2723 949 2763 I
980 2722 1082 2765 Cor.
1112 2719 1184 2773 lv,
1214 2723 1253 2764 4.

269 2793 341 2851 ιΙ)
373 2794 538 2836 Desunt
576 2794 622 2836 in
654 2806 776 2838 antea
815 2795 933 2839 editis
971 2794 1030 2852 (e.
1063 2811 1096 2837 c.
1128 2794 1172 2836 in
1205 2795 1301 2836 edd.
1332 2792 1419 2850 M.)
1450 2794 1598 2836 verba:

179 2852 270 2902 „vel
298 2851 597 2908 prophetam.“
635 2851 684 2893 R.
