1788 3111
191 88 278 132 366
532 86 753 130 Omenms
784 100 828 128 m
860 86 938 128 Ep,
968 98 1028 129 An
1060 84 1295 129 Rommos

193 217 307 243 casse
339 199 512 256 quidem
545 216 692 241 omnes
738 199 890 240 merito
933 200 1153 253 dicentur,
1194 211 1438 256 peccatores
1481 211 1623 243 autem

194 277 294 320 sacti
322 295 415 319 non
447 295 606 328 omnes,
637 279 711 319 sed
741 276 879 318 multi.
937 277 1078 319 Simili
1111 294 1284 333 quoque
1315 279 1454 319 forma
1486 290 1527 319 et
1555 277 1624 335 ju-

194 356 246 398 sti
275 355 401 397 multi
431 357 727 406 habebuntur,
762 371 853 395 non
893 371 1062 406 omnes,
1101 354 1227 396 etiam
1264 356 1298 397 si
1341 372 1489 397 omnes
1526 353 1626 413 justi

194 433 357 489 aliquid
389 432 529 489 operis
561 432 756 488 agant.¹)
815 432 936 474 Bene
977 445 1120 474 autem
1159 434 1212 473 ab
1256 434 1467 489 Apostolo
1500 434 1627 475 etiam

194 523 442 567 temporum
472 510 581 552 ratio
613 509 863 552 custoditur.
920 511 1032 552 Nam
1055 527 1152 551 cum
1182 510 1342 551 multos
1374 510 1627 553 constitutos

196 605 284 630 esse
312 600 558 644 peccatores
588 589 643 629 ad
671 587 950 644 praeteritum
987 587 1263 643 retulerit‚2)
1302 586 1436 645 justos
1468 588 1626 630 consti-

194 667 380 707 tuendos
411 682 497 707 esse
527 666 687 706 multos
720 666 775 706 ad
803 666 999 706 futurum
1029 664 1243 706 transtulit
1271 677 1463 722 tempus,
1493 666 1628 708 sciens

197 744 287 786 sine
318 743 467 793 dubio,
500 743 619 798 quod
648 759 852 797 processu
889 742 1219 798 praedicationis
1259 743 1522 797 evangelicae
1560 741 1627 800 ju-

196 834 361 864 storum
391 821 625 862 multitudo
666 819 807 878 major
844 832 1113 864 accresceret.
1172 820 1307 876 Quod
1345 833 1487 863 autem
1529 820 1629 879 justi

195 900 323 941 multi
352 899 513 941 fuerint
544 899 670 940 etiam
702 909 799 938 ante
830 898 1060 940 Salvatoris
1103 899 1351 949 adventum,
1386 899 1502 941 idem
1531 899 1628 941 Do-

195 978 337 1020 minus
366 988 543 1019 testatur
571 976 617 1017 in
646 974 959 1031 Evangeliis‚³)
991 992 1088 1016 cum
1120 974 1240 1016 dicit:
1282 976 1433 1026 „multi
1449 976 1494 1032 4)
1524 993 1629 1033 pro-

196 1058 350 1112 phetae
381 1068 422 1097 et
449 1053 549 1113 justi
578 1052 805 1109 cupierunt
834 1052 978 1093 videre
1009 1069 1117 1109 quae
1146 1052 1335 1095 videtis.“
1392 1055 1479 1096 Sed
1509 1053 1632 1095 aliter

198 1134 267 1175 hic
297 1134 456 1174 multos
488 1131 590 1172 dicit
620 1131 817 1173 Salvator
845 1128 1003 1187 justos,
1049 1142 1090 1171 et
1133 1130 1255 1171 aliter
1288 1131 1519 1186 Apostolus
1548 1147 1631 1186 po-

198 1210 355 1266 suit.⁵)
427 1211 539 1250 Nam
599 1207 796 1250 Salvator
848 1208 1162 1263 Apostolorum
1211 1224 1441 1249 numerum
1497 1207 1630 1264 respi-

200 1289 326 1338 ciens,
341 1287 386 1345 ὃ)
426 1288 481 1328 ad
520 1285 714 1343 ipsorum
757 1285 1124 1340 comparationem
1160 1285 1320 1327 multos
1364 1284 1468 1326 dixit
1496 1283 1635 1343 justos

200 1378 241 1408 et
279 1366 533 1423 prophetas:
580 1363 626 1405 in
663 1361 876 1420 praesenti
915 1380 1015 1405 vero
1057 1363 1157 1405 loco
1197 1363 1433 1419 Apostolus
1471 1364 1632 1405 multos

200 1445 255 1485 ad
287 1443 505 1494 omnium,
549 1440 623 1498 qui
661 1441 707 1482 in
746 1442 829 1482 hoc
870 1442 1037 1482 mundo
1075 1441 1165 1482 nati
1194 1452 1293 1482 sunt
1323 1452 1365 1481 et
1392 1452 1632 1492 nascentur,

201 1520 567 1578 comparationem
597 1518 899 1573 intelligendus
931 1530 992 1560 est
1021 1535 1250 1561 revocasse.
1309 1517 1441 1572 Igitur
1469 1535 1573 1574 „per
1587 1518 1632 1574 ⁷)

198 1600 325 1642 unius
355 1597 692 1640 inobedientiam
721 1608 967 1653 peccatores
997 1596 1215 1639 constituti
1244 1606 1344 1638 sunt
1370 1594 1536 1645 multi,“
1565 1611 1631 1636 se-

201 1679 392 1719 cundum
433 1693 527 1718 eam
569 1674 880 1717 observantiam
928 1673 1054 1715 multi
1081 1685 1326 1731 peccatores
1354 1671 1633 1726 intelligendi,

202 1772 332 1812 quam
361 1771 489 1810 supra
522 1754 574 1794 de
603 1764 807 1809 peccante
838 1764 879 1794 et
907 1763 1134 1808 peccatore
1163 1749 1434 1807 protulimus.
1496 1750 1631 1804 Quod

193 1831 235 1875 ¹si
268 1833 360 1889 quis
389 1830 515 1873 nobis
558 1830 731 1888 objiciat
760 1830 892 1880 illud,
934 1829 1053 1884 quod
1093 1829 1146 1868 de
1187 1844 1230 1868 se
1254 1826 1347 1883 ipso
1379 1826 1480 1868 dicit
1511 1829 1631 1884 Apo-

202 1911 356 1953 stolus:
386 1908 575 1965 ,‚quia3)
610 1906 800 1949 Christus
844 1908 968 1948 Jesus
998 1905 1112 1947 venit
1140 1905 1183 1946 in
1201 1904 1245 1960 ⁹)
1276 1906 1390 1946 hunc
1419 1906 1632 1946 mundum

202 1998 446 2043 peccatores
475 1986 611 2026 salvos
642 1987 795 2035 facere,
827 2001 1011 2040 quorum
1043 1983 1206 2039 primus
1234 1999 1311 2036 ego
1339 1988 1482 2024 sum-.“
1514 1981 1633 2038 quasi

204 2064 329 2106 etiam
361 2081 405 2105 se
434 2074 705 2119 peccatorem
735 2061 875 2103 dicere
895 2062 1106 2102 videatur:
1141 2060 1342 2110 dicemus,
1375 2061 1494 2116 quod
1514 2059 1633 2101 aliud

205 2155 265 2185 est
297 2160 344 2184 ex
374 2157 556 2198 persona
586 2140 843 2196 Scriptume,
873 2139 938 2180 vel
961 2140 1212 2195 prophetae,
1243 2138 1307 2179 vel
1330 2137 1523 2187 Domini,
1554 2137 1629 2178 ali-

206 2238 333 2278 quem
363 2230 632 2275 pcccatorem
673 2216 902 2270 designari,
942 2216 1059 2257 aliud
1099 2228 1157 2257 est
1199 2215 1355 2272 justum
1395 2215 1535 2271 ipsum
1566 2215 1630 2256 sui

326 2415 368 2467 ¹)
399 2414 511 2455 Edd.
542 2412 717 2453 Merlini
748 2424 888 2465 agunt.

322 2486 369 2540 ²)
399 2487 527 2526 Rom·
556 2485 608 2532 V,
642 2483 706 2527 19·
843 2482 889 2536 3)
921 2486 1033 2526 Edd.
1066 2483 1258 2525 Merlini:
1293 2479 1535 2532 Evangelio.

323 2555 366 2609 4)
399 2555 552 2597 Matth.
585 2553 703 2601 XIII,
736 2553 799 2593 17.
833 2552 929 2595 coll.
960 2555 1059 2595 Luc.
1092 2555 1146 2603 X,
1177 2555 1244 2594 24.

325 2627 369 2679 ⁵)
403 2626 536 2667 Alias:
569 2623 734 2674 „dicit.“
765 2624 813 2664 R.

323 2697 369 2749 ⁶)
401 2696 510 2738 Edd.
542 2694 739 2737 Nlerlini:
773 2694 987 2750 aspicIens.
1108 2693 1153 2748 ⁷)
1186 2694 1311 2734 Rom.
1341 2693 1391 2742 V,
1426 2692 1489 2737 19.

324 2765 370 2817 ³)
403 2767 420 2805 I
454 2764 641 2806 Timoth.
673 2765 705 2813 Ῐ,
736 2766 801 2807 15.

325 2837 371 2889 ⁰)
403 2834 517 2877 Editi
551 2836 608 2888 (v.
643 2852 675 2877 c.
709 2838 803 2878 edd.
837 2836 943 2891 NJ:
977 2834 1043 2885 „in
1077 2835 1157 2876 hoc
1189 2836 1391 2876 mundo.⁸‘
1421 2834 1550 2875 Male.
1583 2834 1632 2874 R.
