1788 3111
541 117 985 160 COMMENTARIORUM
1015 117 1104 159 Lm.
1137 119 1187 159 V.
1494 122 1578 166 351

157 231 507 287 ,‚Exinanivit“¹)
536 231 662 283 igitur
690 246 758 280 „se
786 229 954 285 ipsum“
996 231 1050 271 de
1080 231 1331 285 aequalitate
1371 245 1410 274 et
1439 235 1579 275 forma

157 310 255 360 Dei,
284 320 325 350 et
353 309 510 359 „servi“
539 306 722 364 suscepit
749 308 1015 358 ‚‚formam‚“
1046 319 1086 348 et
1114 309 1161 348 fit
1191 308 1338 358 homo,
1368 310 1422 350 ad
1453 325 1579 365 quem

155 387 406 428 tentandum
449 387 623 427 auderet
659 385 831 441 quidem
871 383 1011 437 venire
1048 385 1143 434 ille,
1186 386 1259 440 qui
1295 388 1497 438 regnabat
1535 387 1580 428 in

159 463 379 512 omnibus,
416 464 489 505 sed
528 464 685 504 intrare
723 478 815 503 non
846 473 999 516 posset.
1055 462 1243 504 BIortem
1282 475 1426 505 tamen
1455 465 1578 506 istam

155 556 431 581 communem
461 540 654 596 suscepit,
689 556 784 580 cum
816 539 933 581 illam
964 539 1141 594 peccati,
1169 556 1279 595 quae
1303 542 1506 592 regnabat
1534 541 1580 583 in

155 618 370 667 omnibus,
398 634 490 659 non
520 615 746 672 receperit:
775 628 841 666 ut,
869 617 976 658 sicut
1004 633 1108 671 „per
1124 617 1168 672 2)
1198 617 1420 659 hominem
1449 636 1580 670 mors,

154 694 210 735 ita
242 706 281 736 et
300 710 378 749 per
408 694 625 734 hominem
657 694 774 734 fieret
802 693 1051 735 resurrectio
1077 706 1350 736 mortuorum
1363 701 1398 736 :“
1432 707 1471 737 ct
1500 696 1580 738 sic-

154 784 201 813 ut
237 771 387 822 „unius
401 770 446 827 ³)
486 770 642 811 delicto
675 770 798 811 multi
829 770 990 811 mortui
1010 783 1126 820 sunt,
1156 773 1293 813 multo
1326 773 1456 824 magis
1487 789 1579 825 gra-

153 851 208 891 tia
240 848 322 889 Dei
353 860 393 889 et
431 849 596 889 donum
640 847 685 887 in
725 847 855 899 gratia
896 848 1019 890 unius
1060 849 1247 890 hominis
1287 850 1389 892 Jesu
1421 849 1579 892 Christi

151 926 196 967 in
227 926 395 981 plures“
435 926 683 966 abundaret.
756 925 855 965 Non
898 936 1038 966 autem
1076 927 1236 980 absque
1266 929 1484 982 profunda
1513 945 1579 969 sa-

151 1002 323 1059 pientia,
354 1019 481 1058 quam
513 1002 670 1043 Paulus
701 1002 811 1043 inter
848 1005 1059 1058 perfectos
1091 1002 1213 1058 loqui
1249 1019 1293 1044 se
1324 1004 1436 1054 dicit,
1456 1003 1502 1058 4)
1532 1004 1577 1045 in

152 1079 236 1120 hoc
266 1080 365 1121 loco
396 1096 614 1122 sermones
643 1096 741 1121 suos
772 1081 1017 1121 moderatus
1048 1089 1119 1129 est,
1151 1091 1190 1120 et
1217 1080 1383 1135 quos5)
1414 1080 1578 1136 alibifi)

149 1162 353 1206 ‚‚0mnes“
383 1157 554 1206 dixerat,
586 1156 715 1212 hic7)
752 1158 962 1207 ,‚multos“
999 1158 1064 1198 vel
1104 1158 1299 1213 ,‚plures“
1338 1158 1580 1214 appellavit,

150 1233 225 1274 ubi
256 1234 624 1288 comparationem
665 1233 808 1276 diffusi
847 1233 893 1275 in
936 1250 1083 1275 omnes
1119 1234 1311 1276 homines
1341 1236 1507 1291 peccati
1538 1247 1577 1276 et

149 1310 299 1351 mortis
330 1311 384 1350 ab
415 1311 551 1352 Adam
588 1312 712 1362 facit,
753 1322 792 1352 et
820 1309 1127 1367 justificationis
1173 1328 1221 1352 ac
1254 1311 1362 1352 vitae
1392 1328 1415 1353 a
1448 1311 1575 1353 Chri-

149 1399 237 1438 st03
268 1403 322 1428 ne
336 1387 382 1443 Β)
420 1390 553 1437 forte,
590 1388 625 1429 si
665 1389 857 1430 absolute
886 1390 1208 1443 pronuntiaret,
1248 1387 1346 1443 quia
1385 1390 1478 1445 pari
1508 1406 1574 1431 ra-

149 1464 280 1515 tione,
312 1477 437 1520 atque
469 1467 622 1506 eodem
656 1467 821 1514 ordine,
852 1482 938 1521 quo
972 1468 1024 1507 ab
1060 1467 1198 1507 Adam
1238 1466 1282 1506 in
1315 1482 1463 1508 omnes
1494 1467 1575 1508 ho-

149 1541 282 1583 mines
312 1559 429 1584 mors
471 1542 623 1584 diffusa
663 1543 827 1598 peccati
866 1553 944 1592 est,
981 1543 1106 1583 etiam
1137 1540 1378 1599 justificatio
1411 1556 1451 1585 et
1479 1545 1575 1595 vita,

150 1634 259 1673 quae
290 1635 312 1660 a
349 1618 518 1662 Christo
549 1631 619 1669 est,
647 1620 691 1661 in
728 1636 875 1661 omnes
906 1619 1103 1660 homines
1133 1621 1401 1671 diffunditur,
1441 1624 1574 1664 resol-

148 1708 262 1736 veret
276 1694 322 1751 ⁹)
355 1697 594 1746 auditores,
633 1707 673 1737 et
699 1696 912 1748 segniores
940 1697 1093 1737 fierent
1123 1711 1216 1747 erga
1250 1699 1573 1750 observantiam,

149 1773 251 1814 certi
281 1775 334 1814 de
365 1773 588 1814 securitate
613 1773 733 1823 vitae,
766 1789 874 1829 quae
901 1774 947 1815 in
964 1789 1112 1814 omnes
1127 1773 1324 1816 homines
1338 1792 1416 1831 per
1447 1775 1572 1818 Chri-

147 1849 197 1891 sti
235 1850 409 1901 gratiam
452 1851 702 1891 traderetur.
758 1851 814 1892 Et
851 1850 951 1892 ideo
996 1850 1290 1907 reprimit¹⁰)
1315 1869 1574 1903 sermonem,

149 1939 190 1968 et
218 1943 308 1968 non
339 1943 489 1968 omnes
517 1926 726 1977 homines,
754 1928 861 1969 sicut
889 1928 998 1970 solet
1023 1928 1068 1969 in
1101 1928 1293 1977 caeteris,
1321 1930 1469 1985 ponit,
1498 1931 1573 1971 sed

147 2005 330 2052 multos,
368 2003 442 2059 qui
484 2004 610 2045 unius
648 2005 803 2046 delicto
846 2017 1093 2060 peccatores
1134 2005 1352 2046 constituti
1380 2017 1499 2047 sunt:
1533 2017 1572 2046 et

148 2097 315 2122 rursum
355 2080 400 2121 in
442 2080 572 2132 gratia
612 2082 697 2122 Dei
736 2084 901 2123 donum
939 2097 1017 2136 per
1055 2098 1190 2121 unum
1234 2081 1456 2123 hominem
1498 2083 1573 2124 Je-

147 2173 241 2199 sum
272 2156 500 2208 Christum,
528 2175 620 2199 non
647 2159 692 2200 in
725 2174 886 2207 omnes,
913 2159 984 2199 sed
1012 2157 1058 2198 in
1087 2158 1230 2213 plures
1262 2157 1404 2202 asserit
1433 2161 1570 2201 abun-

148 2235 270 2276 dare:
311 2251 398 2290 quo
442 2245 481 2275 et
508 2234 828 2287 negligentiores
855 2246 973 2276 metu
1000 2236 1250 2290 suspendat,
1289 2251 1338 2277 ac
1366 2237 1570 2278 sollicitos

265 2445 309 2500 ¹)
339 2443 524 2500 Philipp.
555 2444 608 2494 II,
639 2445 675 2486 7.
813 2444 860 2500 ²)
890 2446 909 2485 I
941 2444 1042 2486 Cor.
1073 2444 1168 2494 XV,
1199 2445 1265 2486 21.

261 2515 307 2570 3)
337 2514 464 2556 Rom.
497 2515 548 2565 V,
578 2517 644 2558 15.
763 2514 810 2568 ⁴)
840 2515 858 2555 I
891 2514 990 2556 Cor.
1022 2515 1075 2564 Il,
1105 2516 1144 2557 6.

263 2582 308 2638 ⁵)
337 2583 449 2626 Edd.
479 2585 676 2626 Merlini:
710 2587 839 2641 quod.
958 2584 1003 2640 6)
1033 2584 1159 2627 Rom.
1191 2586 1242 2633 V,
1276 2585 1340 2625 12.

263 2651 308 2707 ⁷)
338 2653 465 2694 Rom.
496 2654 547 2705 V,
578 2656 642 2698 15.
741 2655 807 2709 ’8)
838 2656 950 2698 Edd.
981 2655 1173 2697 Mei-lini:
1206 2667 1244 2694 et
1269 2670 1324 2694 ne
1353 2655 1463 2695 forte
1495 2666 1569 2695 etc.

262 2721 308 2776 ⁹)
338 2722 454 2765 Editi
483 2723 541 2780 (e.
577 2742 609 2766 c.
626 2726 722 2766 edd.
738 2724 846 2779 Μ)
876 2727 1216 2776 „resolverentur
1235 2724 1488 2766 auditores.“
1519 2725 1566 2765 Ρι.

238 2791 308 2847 ¹⁰)
337 2793 456 2835 Editi
486 2795 545 2851 (v.
578 2812 611 2836 c.
649 2796 715 2837 ed.
759 2796 817 2837 M.
863 2796 961 2848 II.):
1003 2795 1257 2852 „inprimit.“
1294 2795 1344 2835 R.
1385 2820 1436 2827 --
1478 2795 1565 2837 Cfr.

146 2848 272 2890 Rom.
303 2849 353 2899 V,
384 2851 448 2893 15.
479 2853 576 2894 coll.
607 2868 708 2895 vers.
741 2854 806 2895 12.
