1788 3111
472 104 914 149 Commenmmonum
945 105 1038 147 Lm.
1061 106 1135 149 lv.
1426 111 1512 155 305

95 229 137 259 et
181 217 226 258 in
263 217 354 270 lege
393 229 597 276 martyres
635 216 824 259 multos?
881 218 1042 271 Legant
1068 218 1426 264 Maccahaeorum
1456 223 1510 264 li-

94 295 211 345 bros,
239 294 316 336 ubi
356 311 456 336 cum
497 293 614 334 omni
651 293 848 335 instantia
885 295 1009 336 beata
1045 307 1184 337 mater
1221 315 1315 340 cum
1349 312 1510 356 septem

93 371 189 412 filiis
218 371 471 430 martyrium
500 369 682 426 suscipit,
701 369 740 425 ¹)
775 370 933 427 quique
968 388 1059 413 :non
1088 373 1229 415 solum
1258 377 1508 436 martyrium

95 448 309 504 patienter
339 447 563 504 excipiunt,
592 463 739 488 verum
771 459 810 487 et
841 448 1118 490 contumelias
1146 448 1344 503 ingerunt
1372 452 1415 493 in
1446 466 1509 512 ty-

92 542 298 567 rannum:
348 537 388 566 et
428 526 613 574 videant,
657 523 691 565 si
728 540 874 565 verum
915 537 996 575 est,
1042 528 1160 582 quod
1199 527 1369 580 dicunt,
1412 530 1510 585 quia

94 601 246 656 „vix²)
284 618 363 657 pro
406 600 517 658 justo
558 600 649 656 quis
687 601 909 643 moritur.“
966 602 1152 644 Videant
1180 616 1261 645 tres
1275 602 1321 660 ³)
1351 622 1509 660 pueros

93 678 138 719 in
169 679 335 720 camino
377 677 480 731 ignis
520 676 704 717 ardentis
747 694 843 719 cum
885 679 1002 720 omni
1031 679 1188 721 fiducia
1216 697 1296 736 pro
1330 682 1429 722 fidei
1459 682 1509 723 li-

93 757 257 796 bertate
288 754 523 812 conjectos,
564 765 604 793 et
642 753 803 805 dicant,
852 755 950 811 quia
980 756 1072 806 „vix
1086 757 1132 813 ⁴²)
1162 774 1241 813 pro
1274 756 1385 814 justo
1419 759 1511 814 quis

93 832 320 874 moritur.“
377 831 481 874 Sola
513 846 610 882 ergo
642 847 758 872 mors
789 842 849 872 est
876 849 957 887 pro
990 833 1100 883 Deo,
1134 851 1241 890 quae
1263 852 1359 876 cum
1393 836 1513 878 omni

93 910 268 951 audacia
285 908 329 964 5)
360 907 608 963 suscipitur:
667 907 804 948 omnis
845 918 987 949 autem
1025 909 1188 965 reliqua
1231 927 1348 952 mors
1385 911 1450 952 vix
1466 912 1512 968 6)

92 987 325 1027 toleranter
355 983 540 1034 subitur,
583 983 708 1025 etiam
746 983 780 1026 si
809 983 918 1042 justa
947 984 1021 1038 sit,
1053 999 1094 1028 et
1122 989 1332 1029 humanae
1364 988 1514 1030 condi-

91 1062 218 1104 tionis
248 1063 338 1116 lege
370 1062 607 1103 descendat.

206 1141 272 1182 11.
303 1139 619 1190 „Commendat
636 1140 679 1194 7)
729 1149 870 1180 autem
911 1156 1030 1181 suam
1046 1139 1092 1196 8)
1141 1142 1357 1183 caritatem
1393 1143 1513 1184 Deus

92 1216 138 1257 in
167 1215 313 1257 nobis:
346 1215 549 1271 quoniam
578 1215 633 1265 si,
666 1215 824 1270 cum9)
866 1217 1004 1257 adhuc
1043 1229 1287 1272 peccatores
1320 1236 1514 1269 essemus,

97 1291 377 1348 Christus¹⁰)
420 1309 500 1347 pro
540 1292 665 1333 nobis
705 1304 900 1334 mortuus
936 1305 1015 1344 est,
1052 1295 1190 1335 multo
1228 1295 1357 1348 magis
1398 1313 1514 1337 nunc

96 1386 194 1422 ergo
225 1368 435 1426 justificati
464 1369 508 1409 in
538 1368 740 1421 sanguine
767 1369 908 1424 ipsius,
940 1370 1042 1411 salvi
1075 1371 1228 1413 erimus
1261 1374 1313 1412 ab
1345 1372 1406 1413 ira
1435 1390 1514 1428 per

94 1446 278 1503 ipsun1,“
338 1445 448 1486 Cum
479 1445 645 1487 dixisset
671 1445 716 1486 J'n
744 1446 1046 1502 superioribus,
1079 1448 1177 1504 quia
1205 1448 1425 1499 „Christus
1445 1450 1454 1473 ¹
1472 1449 1516 1505 ¹)

95 1525 330 1565 secundum
361 1534 528 1578 tempus
558 1524 695 1563 adhuc
734 1540 814 1579 pro
854 1523 992 1579 impiis
1022 1537 1216 1567 mortuus
1248 1532 1358 1575 est‚“
1398 1544 1514 1567 nunc

97 1602 320 1642 ostendere
352 1617 398 1640 ex
430 1601 512 1640 hoc
544 1600 633 1639 vult
662 1600 746 1641 Dei
777 1601 957 1642 caritatis
983 1618 1078 1655 erga
1107 1602 1301 1644 homines
1321 1603 1390 1658 ¹²)
1420 1620 1511 1645 ma-

95 1676 372 1730 gnitudinem,
403 1675 513 1732 quia,
544 1674 578 1717 si
618 1692 712 1729 erga
753 1675 908 1732 impios
947 1690 988 1719 et
1025 1691 1269 1735 peccatores
1297 1691 1413 1722 tanta
1445 1697 1513 1722 ex-

95 1912 120 1954 1
214 1856 258 1912 ¹)
288 1857 400 1899 Edd.
432 1857 625 1899 Merlini:
657 1857 904 1914 „suscepit.“
930 1883 982 1891 --
1003 1859 1092 1903 Cfr.
1116 1861 1158 1902 II
1197 1862 1390 1904 Maecab.
1420 1862 1515 1913 VII,

125 1945 133 1954 .
162 1929 276 1968 seqq.

211 1983 258 2036 ²)
288 1984 415 2023 Rom.
446 1985 498 2033 V,
531 1985 568 2026 7.
686 1983 732 2039 3)
763 1985 876 2026 Dan.
907 1986 982 2035 III,
1013 1988 1080 2028 20.
1111 2003 1226 2042 seqq.

213 2050 258 2105 ⁴)
288 2052 415 2093 Rom.
445 2053 496 2101 V,
530 2054 567 2095 7.

214 2120 260 2175 ⁵)
293 2121 406 2162 Alias
435 2139 515 2177 pro
548 2154 570 2172 ‚,
585 2123 758 2164 audacia
771 2130 794 2148 “
832 2125 986 2177 legitur
1021 2125 1262 2177 ‚‚fiducia“;
1304 2126 1357 2168 al.
1388 2143 1513 2176 „cum

100 2176 219 2218 omni
250 2178 405 2218 fiducia
437 2190 476 2219 et
506 2179 681 2220 audacia
710 2181 972 2236 suscipitur.“
1002 2182 1053 2222 R.

215 2247 259 2303 6)
292 2247 406 2289 Alias
447 2249 505 2301 (v.
538 2265 570 2289 c.
601 2248 646 2289 in
679 2251 772 2290 edd.
804 2250 912 2307 M.):
952 2250 1042 2301 „vix
1084 2252 1292 2292 toleratur
1328 2252 1418 2307 (ed.
1452 2252 1514 2292 M.

96 2305 130 2350 Ι,
160 2303 299 2345 minus
319 2317 531 2346 accurate:
565 2305 857 2361 toleranter),
886 2307 950 2348 vix
981 2307 1158 2357 subitur,
1190 2307 1315 2348 etiam
1345 2307 1379 2348 si
1409 2307 1515 2364 justa

96 2360 160 2412 sit,
198 2371 238 2401 et
268 2361 477 2402 humanae
509 2361 764 2404 conditionis
792 2363 873 2416 legi
904 2365 1255 2406 condescendat.“
1284 2365 1335 2406 R.

215 2429 260 2486 ⁷)
290 2431 416 2472 Rom.
447 2432 498 2480 V,
528 2432 568 2474 8.
599 2433 638 2474 9.

214 2498 262 2552 ⁸)
292 2500 405 2541 Edd.
436 2501 632 2543 Merlini:
665 2502 881 2544 caritatem
909 2519 1042 2545 suam.

215 2568 261 2624 9)
293 2570 404 2611 Edd.
434 2570 631 2612 NIerlini:
664 2574 767 2613 dum
797 2573 936 2614 adhuc
968 2585 1044 2615 etc.

191 2637 263 2692 ¹⁰)
292 2638 410 2680 Editi
440 2642 499 2695 (v.
531 2658 564 2682 c.
598 2643 694 2683 edd.
724 2643 832 2695 M.):
862 2643 1083 2694 „Christus
1111 2659 1192 2697 pro
1210 2643 1337 2685 nobis
1367 2660 1517 2687 secun-

101 2694 206 2734 dum
234 2705 399 2750 tempus
430 2709 625 2738 mortuus
657 2705 755 2740 est.“
814 2700 901 2741 Sed
930 2716 1078 2741 omnes
1097 2701 1200 2741 Mss.
1223 2700 1359 2742 nostri
1391 2701 1515 2743 omit-

99 2760 214 2790 tunt:
246 2754 505 2799 „secundum
533 2760 740 2809 tempus.“
770 2756 822 2796 R.

191 2819 263 2874 ¹¹)
293 2822 418 2863 Rom.
447 2823 499 2872 V,
529 2824 569 2866 6.
690 2824 761 2880 l²)
790 2824 872 2866 Ed.
902 2824 965 2867 M.
995 2825 1052 2866 Il:
1083 2825 1315 2868 hominem.

101 2895 320 2939 Omenms
352 2897 522 2940 OPERA.
554 2898 673 2942 ΤοΜ.
697 2900 791 2957 VI.
1154 2904 1212 2946 20
