1788 3111
268 131 355 176 210
605 130 830 176 Omessms
859 144 906 176 m
935 132 1014 176 ΕΡ.
1042 144 1103 176 An
1134 133 1357 179 RomAnos

271 278 319 308 ut
349 281 426 320 ego
458 264 664 317 arbitror,
708 265 755 308 in
784 265 864 309 isto
895 265 1210 324 propitiatorio,
1239 270 1322 310 hoc
1354 280 1438 320 est,
1474 269 1518 310 in
1548 269 1689 311 anima

268 344 386 395 Jesu,
416 343 608 386 Verbum
637 343 735 395 Dei,
767 344 839 401 qui
870 357 931 386 est
959 345 1201 399 unigenitus
1230 346 1381 397 Filius,
1410 358 1451 388 et
1481 347 1687 403 Spiritum

272 420 361 480 ejus
392 433 584 463 sanctum
613 436 781 478 semper
809 423 1019 465 habitare:
1053 434 1093 465 et
1125 425 1208 465 hoc
1239 435 1320 475 est,
1353 424 1472 480 quod
1500 424 1688 466 indicant

272 499 360 540 duo
402 498 635 541 Cherubim
674 499 979 556 ‘propitiatorio
1028 500 1304 555 superposita.
1374 502 1460 543 Sed
1501 512 1542 541 et
1579 501 1689 542 illud

274 577 463 626 observa,
495 577 613 633 quod
642 594 732 618 non
764 577 886 618 dixit:
921 577 1091 620 Cherub
1112 578 1154 633 ¹)
1184 595 1319 619 unum
1350 595 1398 619 ex
1428 579 1559 619 latere
1589 580 1689 619 dex-

272 664 367 704 tro,
419 665 459 695 et
491 654 662 695 Cherub
695 653 811 694 aliud
843 670 890 694 ex
929 653 1061 695 latere
1086 646 1283 706 ¹sinistr0;
1329 656 1402 697 sed
1433 655 1507 697 ait:
1550 655 1689 706 „Che-

273 731 354 771 rub
372 729 418 787 ²)
450 748 586 772 unum
617 747 665 772 ex
695 731 825 772 latere
854 732 949 781 hoc,
983 742 1024 772 et
1056 731 1226 772 Cherub
1245 732 1361 773 aliud
1392 750 1439 774 ex
1469 734 1600 774 latere
1632 734 1693 774 al-
1759 771 1762 774 .

273 812 430 848 tero:“
459 819 507 848 ut
539 807 804 857 ostenderet,
853 807 898 848 in
928 808 1003 849 illo
1035 808 1356 864 propitiatorio,
1406 811 1489 852 hoc
1521 822 1602 860 est,
1651 810 1691 850 in

275 883 416 925 anima
449 883 617 935 Christi,
648 883 865 926 sinistrum
894 884 1002 926 nihil
1027 884 1168 927 fuisse.
1214 887 1325 928 Sunt
1347 899 1488 929 autem
1521 899 1562 928 et
1588 904 1693 943 pen-

274 961 433 1018 nata3)
465 963 552 1003 duo
591 962 695 1003 haec
737 961 989 1003 Cherubim:
1022 974 1064 1003 et
1092 979 1182 1004 non
1212 964 1353 1005 solum
1386 975 1583 1019 pennata,
1621 965 1691 1004 sed

277 1050 318 1081 et
367 1039 452 1081 alas
501 1056 594 1081 suas
632 1039 875 1095 pandentia.
965 1038 1012 1082 Si
1052 1039 1143 1096 quis
1184 1052 1430 1082 sanctorum
1482 1058 1694 1082 summum

276 1117 433 1157 habere
463 1132 486 1157 a
515 1116 614 1157 Deo
642 1116 935 1158 testimonium
953 1116 1120 1167 meruit,
1152 1117 1313 1159 dictum
1337 1130 1409 1168 est,
1442 1119 1560 1174 quod
1579 1119 1698 1159 Deus

275 1205 381 1235 esset
410 1210 508 1234 cum
539 1209 616 1244 eo,
646 1193 754 1235 sicut
794 1194 848 1234 de
877 1194 979 1235 Jesu
1008 1194 1124 1235 Nave
1156 1193 1329 1236 dicitur:
1361 1208 1429 1246 „et
1443 1194 1488 1250 4)
1519 1194 1698 1251 Deus⁵>

227 1296 230 1298 ·
276 1282 365 1313 erat
395 1287 493 1312 cum
521 1269 638 1326 ipso,
669 1269 776 1311 sicut
815 1270 896 1311 fuit
935 1287 1033 1311 cum
1061 1271 1188 1312 BTose
1217 1271 1380 1311 famulo
1413 1269 1542 1327 ejusff‘
1602 1270 1696 1312 Sic-

274 1347 350 1389 ubi
389 1363 489 1389 vero
529 1346 782 1403 pollicitatio
822 1345 996 1405 majoris
1035 1364 1059 1389 a
1088 1347 1196 1396 ,Deo
1229 1347 1417 1389 muneris
1450 1349 1600 1397 datur,
1634 1347 1697 1388 di—

275 1424 331 1466 cit
346 1421 388 1479 6)
426 1425 568 1465 Deus:
606 1423 736 1480 „et⁷)
776 1441 848 1466 ero
888 1423 934 1465 in
970 1424 1041 1475 iis,
1084 1437 1125 1466 et
1165 1425 1396 1466 ambulabo
1435 1424 1547 1465 inter
1586 1429 1699 1465 eos.“

259 1495 450 1543 'Nullam
486 1516 587 1542 vero
625 1500 737 1543 inter
777 1501 972 1543 homines
1014 1501 1072 1543 ita
1102 1503 1272 1544 beatam
1320 1513 1362 1544 et
1398 1501 1455 1543 ita
1494 1502 1698 1551 excelsam

275 1578 459 1635 reperies
490 1578 689 1630 animam,
718 1578 799 1621 nisi
829 1581 938 1621 hanc
968 1579 1116 1629 solam,
1147 1578 1192 1620 in
1221 1596 1302 1636 qua
1323 1590 1490 1620 tantum
1510 1578 1697 1620 latitudi-

274 1655 362 1706 nis,
402 1666 569 1696 tantum
608 1655 846 1711 capacitatis
888 1653 1048 1698 invenit
1082 1657 1278 1698 Verbum
1314 1656 1399 1697 Dei
1445 1667 1485 1697 et
1516 1655 1697 1711 Spiritus

276 1743 463 1781 sanct-us,
502 1743 551 1772 ut
578 1749 669 1773 non
699 1733 840 1774 solum
869 1733 1081 1783 habitare,
1118 1734 1193 1774 sed
1233 1744 1273 1774 et
1302 1733 1387 1774 alas
1417 1734 1627 1789 pandere,
1659 1745 1699 1773 et

275 1824 388 1850 novo
430 1809 679 1849 sacramenti
719 1808 802 1850 ritu
849 1809 1079 1865 aliquando
1124 1808 1249 1850 etiam
1294 1809 1474 1850 volitare
1521 1809 1696 1850 dicatur.

276 1884 448 1927 Faciem
490 1902 663 1942 quoque
700 1898 848 1928 contra
896 1903 940 1928 se
986 1885 1165 1927 invicem
1205 1903 1332 1942 super
1379 1889 1487 1928 hanc
1528 1888 1693 1928 beatam

277 1962 464 2004 animam
495 1962 730 2005 Cherubim
759 1975 940 2020 utraque
979 1964 1136 2005 habere
1167 1963 1439 2020 dicuntur,⁸)
1469 1981 1547 2020 per
1578 1965 1695 2020 quod

277 2057 457 2082 concors
472 2040 517 2096 ⁹)
549 2039 586 2081 ei
617 2052 658 2082 et
688 2057 901 2082 consonus
932 2058 956 2082 a
978 2040 1092 2082 Filio
1116 2039 1200 2081 Dei
1231 2051 1272 2080 et
1302 2056 1326 2081 a
1356 2040 1517 2096 Spiritu
1550 2053 1694 2082 sancto

277 2117 503 2159 divinitatis
533 2133 676 2159 sensus
699 2117 770 2174 ¹⁰)
800 2118 1050 2159 infunditur.
1107 2110 1195 2157 Ubi
1225 2128 1366 2158 autem
1395 2118 1698 2175 superponitur

276 2196 379 2237 haec
429 2194 568 2236 anima
606 2195 704 2236 Deo
755 2193 903 2251 plena,
933 2194 977 2235 in
1009 2211 1092 2251 qua
1122 2194 1466 2251 complacuit¹¹)
1505 2195 1693 2236 habitare

396 2321 440 2377 ¹)
469 2321 580 2362 Edd.
608 2322 672 2363 M.
704 2333 745 2363 et
773 2321 825 2361 R.
857 2321 896 2361 h.
925 2320 1023 2361 loco
1054 2331 1096 2361 et
1133 2319 1429 2376 subsequenti:
1474 2319 1689 2361 Cherubin
1779 2359 1782 2370 ,

280 2393 425 2427 unum,
458 2389 497 2417 et
529 2377 748 2419 Cherubin
778 2377 907 2418 aliud.

393 2445 440 2502 2)
470 2447 606 2490 Exod.
635 2448 775 2497 XXV,
807 2448 871 2492 19.
987 2446 1034 2502 ³)
1062 2446 1198 2488 Exod.
1228 2447 1367 2495 XXV,
1397 2447 1462 2488 20.

394 2515 440 2572 ⁴)
470 2516 558 2557 Jos.
590 2518 621 2567 Ῑ,
652 2519 690 2560 5.
808 2517 852 2572 ⁵)
883 2517 991 2558 Edd.
1022 2515 1218 2555 Merlini:
1251 2527 1337 2556 erat
1369 2515 1498 2556 Deus.

393 2587 440 2644 ⁶)
472 2587 582 2628 Edd.
611 2584 801 2627 Nlerlini:
835 2585 1006 2626 dicitur:
1039 2596 1079 2626 et
1110 2601 1182 2625 cro
1216 2596 1289 2625 etc.

394 2657 438 2712 ⁷)
469 2656 597 2698 Levit.
627 2656 788 2704 XXVI,
803 2657 882 2700 12.
998 2654 1044 2710 ⁸)
1075 2654 1210 2697 Exod.
1241 2654 1379 2704 XXV,
1409 2656 1475 2698 20.

395 2727 441 2781 ⁹)
472 2727 581 2768 Edd.
606 2725 799 2769 Merlini:
845 2742 1030 2766 consors.

369 2796 439 2851 ¹⁰)
470 2795 583 2837 Alias
621 2802 680 2852 (v.
712 2812 744 2837 c.
777 2794 818 2835 ἰη
850 2796 914 2836 ed.
948 2795 1006 2836 M.
1039 2793 1113 2851 I.:)
1145 2802 1362 2852 „peususf‘
1398 2794 1523 2837 Male.
1557 2794 1604 2835 R.

369 2867 437 2919 ¹¹)
471 2866 792 2915 Coloss.1,19
