<?xml version="1.0" encoding="UTF-8"?>
<!DOCTYPE html PUBLIC "-//W3C//DTD XHTML 1.0 Transitional//EN"
    "http://www.w3.org/TR/xhtml1/DTD/xhtml1-transitional.dtd">
<html xmlns="http://www.w3.org/1999/xhtml" xml:lang="en" lang="en">
 <head>
  <title>
</title>
<meta http-equiv="Content-Type" content="text/html;charset=utf-8" />
  <meta name='ocr-system' content='tesseract 3.04.00' />
  <meta name='ocr-capabilities' content='ocr_page ocr_carea ocr_par ocr_line ocrx_word'/>
</head>
<body>
  <div class='ocr_page' id='page_1' title='image "./operaomniaquaegr06orig_0288.png"; bbox 0 0 1788 3111; ppageno 0'>
   <div class='ocr_carea' id='block_1_1' title="bbox 210 121 1309 180">
    <p class='ocr_par' dir='ltr' id='par_1_1' title="bbox 210 121 1309 180">
     <span class='ocr_line' id='line_1_1' title="bbox 210 121 1309 180; baseline -0.003 -12"><span class='ocrx_word' id='word_1_1' title='bbox 210 124 297 169; x_wconf 82' lang='lat'><strong>276</strong></span> <span class='ocrx_word' id='word_1_2' title='bbox 551 121 773 166; x_wconf 73' lang='lat' dir='ltr'><strong>Omenms</strong></span> <span class='ocrx_word' id='word_1_3' title='bbox 801 134 849 180; x_wconf 75' lang='lat' dir='ltr'>m</span> <span class='ocrx_word' id='word_1_4' title='bbox 879 122 958 164; x_wconf 78' lang='lat' dir='ltr'><strong>Ep.</strong></span> <span class='ocrx_word' id='word_1_5' title='bbox 988 131 1049 164; x_wconf 80' lang='lat' dir='ltr'><strong>An</strong></span> <span class='ocrx_word' id='word_1_6' title='bbox 1081 121 1309 165; x_wconf 68' lang='lat' dir='ltr'><strong>Rommos</strong></span> 
     </span>
    </p>
   </div>
   <div class='ocr_carea' id='block_1_2' title="bbox 201 234 1642 1913">
    <p class='ocr_par' dir='ltr' id='par_1_2' title="bbox 201 234 1642 1913">
     <span class='ocr_line' id='line_1_2' title="bbox 210 234 1641 293; baseline 0.001 -16"><span class='ocrx_word' id='word_1_7' title='bbox 210 237 308 293; x_wconf 85' lang='lat' dir='ltr'><strong>Ipse</strong></span> <span class='ocrx_word' id='word_1_8' title='bbox 338 234 453 278; x_wconf 86' lang='lat' dir='ltr'><strong>enim</strong></span> <span class='ocrx_word' id='word_1_9' title='bbox 491 234 597 278; x_wconf 83' lang='lat' dir='ltr'><strong>haec</strong></span> <span class='ocrx_word' id='word_1_10' title='bbox 637 236 692 278; x_wconf 90' lang='lat' dir='ltr'><strong>de</strong></span> <span class='ocrx_word' id='word_1_11' title='bbox 730 234 901 277; x_wconf 82' lang='lat' dir='ltr'><strong>Christo</strong></span> <span class='ocrx_word' id='word_1_12' title='bbox 942 234 1056 278; x_wconf 79' lang='lat' dir='ltr'><strong>dicta</strong></span> <span class='ocrx_word' id='word_1_13' title='bbox 1086 251 1173 278; x_wconf 89' lang='lat' dir='ltr'><strong>esse</strong></span> <span class='ocrx_word' id='word_1_14' title='bbox 1200 234 1514 291; x_wconf 63' lang='lat' dir='ltr'><strong>interpretatur,</strong></span> <span class='ocrx_word' id='word_1_15' title='bbox 1542 251 1641 278; x_wconf 87' lang='lat' dir='ltr'><strong>cum</strong></span> 
     </span>
     <span class='ocr_line' id='line_1_3' title="bbox 210 312 1642 370; baseline 0 -15"><span class='ocrx_word' id='word_1_16' title='bbox 210 313 334 355; x_wconf 86' lang='lat' dir='ltr'><strong>dicit:</strong></span> <span class='ocrx_word' id='word_1_17' title='bbox 364 312 596 370; x_wconf 83' lang='lat' dir='ltr'><strong>„scriptum</strong></span> <span class='ocrx_word' id='word_1_18' title='bbox 615 313 658 370; x_wconf 88' lang='lat'><strong>¹)</strong></span> <span class='ocrx_word' id='word_1_19' title='bbox 689 324 769 355; x_wconf 86' lang='lat' dir='ltr'><strong>est:</strong></span> <span class='ocrx_word' id='word_1_20' title='bbox 809 312 889 354; x_wconf 88' lang='lat' dir='ltr'><strong>tibi</strong></span> <span class='ocrx_word' id='word_1_21' title='bbox 929 313 1043 354; x_wconf 86' lang='lat' dir='ltr'><strong>dabo</strong></span> <span class='ocrx_word' id='word_1_22' title='bbox 1074 324 1230 354; x_wconf 79' lang='lat' dir='ltr'><strong>terram</strong></span> <span class='ocrx_word' id='word_1_23' title='bbox 1267 312 1391 363; x_wconf 85' lang='lat' dir='ltr'><strong>hanc,</strong></span> <span class='ocrx_word' id='word_1_24' title='bbox 1423 324 1463 354; x_wconf 85' lang='lat' dir='ltr'><strong>et</strong></span> <span class='ocrx_word' id='word_1_25' title='bbox 1489 313 1642 356; x_wconf 84' lang='lat' dir='ltr'><strong>semini</strong></span> 
     </span>
     <span class='ocr_line' id='line_1_4' title="bbox 209 388 1640 445; baseline -0.001 -13"><span class='ocrx_word' id='word_1_26' title='bbox 209 395 347 432; x_wconf 80' lang='lat' dir='ltr'><strong>tu0.“·</strong></span> <span class='ocrx_word' id='word_1_27' title='bbox 386 391 489 433; x_wconf 89' lang='lat' dir='ltr'><strong>Non</strong></span> <span class='ocrx_word' id='word_1_28' title='bbox 529 389 653 432; x_wconf 81' lang='lat' dir='ltr'><strong>dixit:</strong></span> <span class='ocrx_word' id='word_1_29' title='bbox 695 402 736 432; x_wconf 88' lang='lat' dir='ltr'><strong>et</strong></span> <span class='ocrx_word' id='word_1_30' title='bbox 763 389 1009 440; x_wconf 79' lang='lat' dir='ltr'><strong>seminibus,</strong></span> <span class='ocrx_word' id='word_1_31' title='bbox 1042 400 1247 445; x_wconf 80' lang='lat' dir='ltr'><strong>tanquam</strong></span> <span class='ocrx_word' id='word_1_32' title='bbox 1276 388 1322 430; x_wconf 87' lang='lat' dir='ltr'><strong>in</strong></span> <span class='ocrx_word' id='word_1_33' title='bbox 1351 390 1516 431; x_wconf 84' lang='lat' dir='ltr'><strong>multis:</strong></span> <span class='ocrx_word' id='word_1_34' title='bbox 1545 392 1640 432; x_wconf 86' lang='lat' dir='ltr'><strong>sed:</strong></span> 
     </span>
     <span class='ocr_line' id='line_1_5' title="bbox 209 464 1640 523; baseline -0.001 -13"><span class='ocrx_word' id='word_1_35' title='bbox 209 467 386 519; x_wconf 82' lang='lat' dir='ltr'><strong>„semini</strong></span> <span class='ocrx_word' id='word_1_36' title='bbox 413 480 489 510; x_wconf 90' lang='lat' dir='ltr'><strong>tuo</strong></span> <span class='ocrx_word' id='word_1_37' title='bbox 505 472 541 510; x_wconf 87' lang='lat'><strong>:“</strong></span> <span class='ocrx_word' id='word_1_38' title='bbox 585 479 793 523; x_wconf 79' lang='lat' dir='ltr'>tanquam</span> <span class='ocrx_word' id='word_1_39' title='bbox 823 466 869 507; x_wconf 89' lang='lat' dir='ltr'><strong>in</strong></span> <span class='ocrx_word' id='word_1_40' title='bbox 898 483 1015 516; x_wconf 91' lang='lat' dir='ltr'><strong>uno,</strong></span> <span class='ocrx_word' id='word_1_41' title='bbox 1059 465 1133 523; x_wconf 90' lang='lat' dir='ltr'><strong>qui</strong></span> <span class='ocrx_word' id='word_1_42' title='bbox 1162 477 1248 517; x_wconf 89' lang='lat' dir='ltr'><strong>„est</strong></span> <span class='ocrx_word' id='word_1_43' title='bbox 1280 464 1509 509; x_wconf 84' lang='lat' dir='ltr'><strong>Christus.“</strong></span> <span class='ocrx_word' id='word_1_44' title='bbox 1564 467 1640 508; x_wconf 89' lang='lat' dir='ltr'><strong>Vi-</strong></span> 
     </span>
     <span class='ocr_line' id='line_1_6' title="bbox 209 544 1640 601; baseline -0.002 -14"><span class='ocrx_word' id='word_1_45' title='bbox 209 547 283 589; x_wconf 87' lang='lat' dir='ltr'><strong>des</strong></span> <span class='ocrx_word' id='word_1_46' title='bbox 317 560 442 598; x_wconf 84' lang='lat' dir='ltr'><strong>ergo,</strong></span> <span class='ocrx_word' id='word_1_47' title='bbox 485 545 711 601; x_wconf 88' lang='lat' dir='ltr'><strong>quomodo</strong></span> <span class='ocrx_word' id='word_1_48' title='bbox 750 560 830 585; x_wconf 92' lang='lat' dir='ltr'><strong>nos</strong></span> <span class='ocrx_word' id='word_1_49' title='bbox 862 544 1094 599; x_wconf 86' lang='lat' dir='ltr'><strong>Apostolus</strong></span> <span class='ocrx_word' id='word_1_50' title='bbox 1135 544 1264 586; x_wconf 87' lang='lat' dir='ltr'><strong>docet</strong></span> <span class='ocrx_word' id='word_1_51' title='bbox 1301 544 1361 585; x_wconf 89' lang='lat' dir='ltr'><strong>sic</strong></span> <span class='ocrx_word' id='word_1_52' title='bbox 1398 544 1640 586; x_wconf 87' lang='lat' dir='ltr'><strong>Dominum</strong></span> 
     </span>
     <span class='ocr_line' id='line_1_7' title="bbox 208 619 1640 677; baseline -0.001 -14"><span class='ocrx_word' id='word_1_53' title='bbox 208 623 404 664; x_wconf 88' lang='lat' dir='ltr'><strong>locutum</strong></span> <span class='ocrx_word' id='word_1_54' title='bbox 435 638 520 664; x_wconf 86' lang='lat' dir='ltr'><strong>esse</strong></span> <span class='ocrx_word' id='word_1_55' title='bbox 551 623 606 663; x_wconf 74' lang='lat' dir='ltr'><strong>ad</strong></span> <span class='ocrx_word' id='word_1_56' title='bbox 635 622 876 671; x_wconf 81' lang='lat' dir='ltr'><strong>Abraham,</strong></span> <span class='ocrx_word' id='word_1_57' title='bbox 907 632 954 662; x_wconf 90' lang='lat' dir='ltr'><strong>ut</strong></span> <span class='ocrx_word' id='word_1_58' title='bbox 983 620 1030 662; x_wconf 87' lang='lat' dir='ltr'><strong>in</strong></span> <span class='ocrx_word' id='word_1_59' title='bbox 1058 621 1220 663; x_wconf 88' lang='lat' dir='ltr'><strong>semine</strong></span> <span class='ocrx_word' id='word_1_60' title='bbox 1248 638 1326 663; x_wconf 89' lang='lat' dir='ltr'><strong>suo</strong></span> <span class='ocrx_word' id='word_1_61' title='bbox 1342 619 1389 677; x_wconf 79' lang='grc'><strong>2)</strong></span> <span class='ocrx_word' id='word_1_62' title='bbox 1422 620 1640 663; x_wconf 82' lang='lat' dir='ltr'><strong>Christum</strong></span> 
     </span>
     <span class='ocr_line' id='line_1_8' title="bbox 207 696 1641 756; baseline -0.001 -15"><span class='ocrx_word' id='word_1_63' title='bbox 207 698 459 752; x_wconf 80' lang='lat' dir='ltr'><strong>intelligeret</strong></span> <span class='ocrx_word' id='word_1_64' title='bbox 475 699 522 756; x_wconf 80' lang='lat'><strong>3)</strong></span> <span class='ocrx_word' id='word_1_65' title='bbox 553 700 711 740; x_wconf 87' lang='lat' dir='ltr'><strong>debere</strong></span> <span class='ocrx_word' id='word_1_66' title='bbox 738 697 904 740; x_wconf 84' lang='lat' dir='ltr'><strong>sentiri:</strong></span> <span class='ocrx_word' id='word_1_67' title='bbox 936 709 977 740; x_wconf 87' lang='lat' dir='ltr'><strong>et</strong></span> <span class='ocrx_word' id='word_1_68' title='bbox 1009 699 1066 740; x_wconf 88' lang='lat' dir='ltr'><strong>ob</strong></span> <span class='ocrx_word' id='word_1_69' title='bbox 1097 698 1183 739; x_wconf 90' lang='lat' dir='ltr'><strong>hoc</strong></span> <span class='ocrx_word' id='word_1_70' title='bbox 1212 710 1333 755; x_wconf 88' lang='lat' dir='ltr'><strong>puto,</strong></span> <span class='ocrx_word' id='word_1_71' title='bbox 1375 699 1494 754; x_wconf 89' lang='lat' dir='ltr'><strong>quod</strong></span> <span class='ocrx_word' id='word_1_72' title='bbox 1524 696 1641 755; x_wconf 80' lang='lat' dir='ltr'><strong>adje-</strong></span> 
     </span>
     <span class='ocr_line' id='line_1_9' title="bbox 209 773 1638 832; baseline -0.001 -15"><span class='ocrx_word' id='word_1_73' title='bbox 209 775 312 817; x_wconf 82' lang='lat' dir='ltr'><strong>cerit</strong></span> <span class='ocrx_word' id='word_1_74' title='bbox 329 777 576 832; x_wconf 79' lang='lat' dir='ltr'>Apostolus,</span> <span class='ocrx_word' id='word_1_75' title='bbox 607 787 646 816; x_wconf 90' lang='lat' dir='ltr'><strong>et</strong></span> <span class='ocrx_word' id='word_1_76' title='bbox 666 775 834 817; x_wconf 82' lang='lat' dir='ltr'><strong>dixerit:</strong></span> <span class='ocrx_word' id='word_1_77' title='bbox 865 776 996 825; x_wconf 84' lang='lat' dir='ltr'><strong>„dans</strong></span> <span class='ocrx_word' id='word_1_78' title='bbox 1011 774 1058 832; x_wconf 73' lang='lat'><strong>4)</strong></span> <span class='ocrx_word' id='word_1_79' title='bbox 1087 777 1266 828; x_wconf 84' lang='lat' dir='ltr'>gloriam</span> <span class='ocrx_word' id='word_1_80' title='bbox 1293 775 1431 817; x_wconf 89' lang='lat' dir='ltr'><strong>Deo.“</strong></span> <span class='ocrx_word' id='word_1_81' title='bbox 1473 775 1576 816; x_wconf 89' lang='lat' dir='ltr'><strong>Non</strong></span> <span class='ocrx_word' id='word_1_82' title='bbox 1594 773 1638 830; x_wconf 84' lang='lat'><strong>⁵)</strong></span> 
     </span>
     <span class='ocr_line' id='line_1_10' title="bbox 207 851 1640 908; baseline -0.001 -15"><span class='ocrx_word' id='word_1_83' title='bbox 207 852 321 894; x_wconf 84' lang='lat' dir='ltr'><strong>enim</strong></span> <span class='ocrx_word' id='word_1_84' title='bbox 352 863 515 894; x_wconf 80' lang='lat' dir='ltr'><strong>tantum</strong></span> <span class='ocrx_word' id='word_1_85' title='bbox 561 853 722 905; x_wconf 80' lang='lat' dir='ltr'><strong>gloriae</strong></span> <span class='ocrx_word' id='word_1_86' title='bbox 760 852 978 894; x_wconf 81' lang='lat' dir='ltr'><strong>Abraham</strong></span> <span class='ocrx_word' id='word_1_87' title='bbox 1019 852 1226 908; x_wconf 87' lang='lat' dir='ltr'><strong>potuisset</strong></span> <span class='ocrx_word' id='word_1_88' title='bbox 1261 854 1418 895; x_wconf 80' lang='lat' dir='ltr'><strong>offerre</strong></span> <span class='ocrx_word' id='word_1_89' title='bbox 1448 853 1501 893; x_wconf 89' lang='lat' dir='ltr'><strong>de</strong></span> <span class='ocrx_word' id='word_1_90' title='bbox 1530 851 1640 893; x_wconf 79' lang='lat' dir='ltr'><strong>nati-</strong></span> 
     </span>
     <span class='ocr_line' id='line_1_11' title="bbox 205 928 1639 986; baseline 0 -16"><span class='ocrx_word' id='word_1_91' title='bbox 205 929 330 970; x_wconf 84' lang='lat' dir='ltr'><strong>vitate</strong></span> <span class='ocrx_word' id='word_1_92' title='bbox 358 930 501 979; x_wconf 80' lang='lat' dir='ltr'>Isaac,</span> <span class='ocrx_word' id='word_1_93' title='bbox 538 941 741 985; x_wconf 84' lang='lat' dir='ltr'><strong>quantam</strong></span> <span class='ocrx_word' id='word_1_94' title='bbox 782 931 884 972; x_wconf 84' lang='lat' dir='ltr'><strong>dare</strong></span> <span class='ocrx_word' id='word_1_95' title='bbox 920 929 1062 986; x_wconf 88' lang='lat' dir='ltr'><strong>potuit</strong></span> <span class='ocrx_word' id='word_1_96' title='bbox 1101 931 1282 983; x_wconf 75' lang='lat' dir='ltr'>gloriam</span> <span class='ocrx_word' id='word_1_97' title='bbox 1311 931 1425 981; x_wconf 85' lang='lat' dir='ltr'><strong>Deo,</strong></span> <span class='ocrx_word' id='word_1_98' title='bbox 1452 929 1487 972; x_wconf 83' lang='lat' dir='ltr'><strong>si</strong></span> <span class='ocrx_word' id='word_1_99' title='bbox 1513 928 1639 971; x_wconf 85' lang='lat' dir='ltr'><strong>intel-</strong></span> 
     </span>
     <span class='ocr_line' id='line_1_12' title="bbox 205 1004 1636 1064; baseline 0.001 -17"><span class='ocrx_word' id='word_1_100' title='bbox 205 1005 304 1047; x_wconf 86' lang='lat' dir='ltr'><strong>lexit</strong></span> <span class='ocrx_word' id='word_1_101' title='bbox 345 1004 563 1047; x_wconf 84' lang='lat' dir='ltr'><strong>Christum</strong></span> <span class='ocrx_word' id='word_1_102' title='bbox 602 1008 657 1048; x_wconf 89' lang='lat' dir='ltr'><strong>de</strong></span> <span class='ocrx_word' id='word_1_103' title='bbox 692 1024 771 1049; x_wconf 90' lang='lat' dir='ltr'><strong>suo</strong></span> <span class='ocrx_word' id='word_1_104' title='bbox 819 1018 1017 1048; x_wconf 84' lang='lat' dir='ltr'><strong>emortuo</strong></span> <span class='ocrx_word' id='word_1_105' title='bbox 1059 1005 1144 1064; x_wconf 83' lang='lat' dir='ltr'><strong>jam</strong></span> <span class='ocrx_word' id='word_1_106' title='bbox 1183 1019 1222 1049; x_wconf 86' lang='lat' dir='ltr'><strong>et</strong></span> <span class='ocrx_word' id='word_1_107' title='bbox 1266 1007 1372 1049; x_wconf 85' lang='lat' dir='ltr'><strong>vitiis</strong></span> <span class='ocrx_word' id='word_1_108' title='bbox 1417 1008 1636 1049; x_wconf 83' lang='lat' dir='ltr'><strong>defaecato</strong></span> 
     </span>
     <span class='ocr_line' id='line_1_13' title="bbox 205 1083 1638 1140; baseline 0 -14"><span class='ocrx_word' id='word_1_109' title='bbox 205 1099 394 1140; x_wconf 86' lang='lat' dir='ltr'><strong>corpore</strong></span> <span class='ocrx_word' id='word_1_110' title='bbox 431 1084 707 1126; x_wconf 83' lang='lat' dir='ltr'><strong>nasciturum.</strong></span> <span class='ocrx_word' id='word_1_111' title='bbox 767 1083 855 1125; x_wconf 81' lang='lat' dir='ltr'><strong>Sed</strong></span> <span class='ocrx_word' id='word_1_112' title='bbox 897 1096 937 1125; x_wconf 87' lang='lat' dir='ltr'><strong>et</strong></span> <span class='ocrx_word' id='word_1_113' title='bbox 971 1097 1017 1126; x_wconf 88' lang='lat' dir='ltr'><strong>tu</strong></span> <span class='ocrx_word' id='word_1_114' title='bbox 1053 1085 1089 1126; x_wconf 86' lang='lat' dir='ltr'><strong>si</strong></span> <span class='ocrx_word' id='word_1_115' title='bbox 1118 1084 1413 1140; x_wconf 66' lang='lat' dir='ltr'><strong>mortificesss)</strong></span> <span class='ocrx_word' id='word_1_116' title='bbox 1443 1087 1638 1126; x_wconf 80' lang='lat' dir='ltr'><strong>membra</strong></span> 
     </span>
     <span class='ocr_line' id='line_1_14' title="bbox 205 1159 1637 1218; baseline 0 -16"><span class='ocrx_word' id='word_1_117' title='bbox 205 1171 291 1211; x_wconf 79' lang='lat' dir='ltr'><strong>tua,</strong></span> <span class='ocrx_word' id='word_1_118' title='bbox 322 1177 432 1216; x_wconf 81' lang='lat' dir='ltr'><strong>quae</strong></span> <span class='ocrx_word' id='word_1_119' title='bbox 461 1172 560 1202; x_wconf 89' lang='lat' dir='ltr'><strong>sunt</strong></span> <span class='ocrx_word' id='word_1_120' title='bbox 597 1177 726 1217; x_wconf 87' lang='lat' dir='ltr'><strong>super</strong></span> <span class='ocrx_word' id='word_1_121' title='bbox 755 1172 935 1211; x_wconf 84' lang='lat' dir='ltr'><strong>terram,</strong></span> <span class='ocrx_word' id='word_1_122' title='bbox 973 1160 1008 1202; x_wconf 86' lang='lat' dir='ltr'><strong>si</strong></span> <span class='ocrx_word' id='word_1_123' title='bbox 1039 1159 1204 1218; x_wconf 82' lang='lat' dir='ltr'><strong>abjecto</strong></span> <span class='ocrx_word' id='word_1_124' title='bbox 1238 1163 1360 1204; x_wconf 87' lang='lat' dir='ltr'><strong>omni</strong></span> <span class='ocrx_word' id='word_1_125' title='bbox 1388 1164 1557 1203; x_wconf 85' lang='lat' dir='ltr'><strong>fervore</strong></span> <span class='ocrx_word' id='word_1_126' title='bbox 1584 1161 1637 1203; x_wconf 89' lang='lat' dir='ltr'><strong>li-</strong></span> 
     </span>
     <span class='ocr_line' id='line_1_15' title="bbox 204 1237 1638 1294; baseline 0.001 -16"><span class='ocrx_word' id='word_1_127' title='bbox 204 1237 364 1279; x_wconf 85' lang='lat' dir='ltr'><strong>bidinis</strong></span> <span class='ocrx_word' id='word_1_128' title='bbox 395 1249 640 1279; x_wconf 81' lang='lat' dir='ltr'><strong>emortuum</strong></span> <span class='ocrx_word' id='word_1_129' title='bbox 669 1253 806 1280; x_wconf 88' lang='lat' dir='ltr'><strong>serves</strong></span> <span class='ocrx_word' id='word_1_130' title='bbox 837 1249 876 1278; x_wconf 86' lang='lat' dir='ltr'><strong>et</strong></span> <span class='ocrx_word' id='word_1_131' title='bbox 904 1237 1031 1280; x_wconf 86' lang='lat' dir='ltr'><strong>nullis</strong></span> <span class='ocrx_word' id='word_1_132' title='bbox 1062 1238 1298 1280; x_wconf 82' lang='lat' dir='ltr'><strong>obnoxium</strong></span> <span class='ocrx_word' id='word_1_133' title='bbox 1330 1239 1436 1281; x_wconf 87' lang='lat' dir='ltr'><strong>vitiis</strong></span> <span class='ocrx_word' id='word_1_134' title='bbox 1466 1255 1638 1294; x_wconf 85' lang='lat' dir='ltr'><strong>corpus,</strong></span> 
     </span>
     <span class='ocr_line' id='line_1_16' title="bbox 203 1315 1638 1372; baseline 0.001 -16"><span class='ocrx_word' id='word_1_135' title='bbox 203 1326 326 1371; x_wconf 87' lang='lat' dir='ltr'><strong>potes</strong></span> <span class='ocrx_word' id='word_1_136' title='bbox 358 1315 483 1356; x_wconf 81' lang='lat' dir='ltr'><strong>etiam</strong></span> <span class='ocrx_word' id='word_1_137' title='bbox 512 1325 559 1355; x_wconf 89' lang='lat' dir='ltr'><strong>tu</strong></span> <span class='ocrx_word' id='word_1_138' title='bbox 587 1316 748 1357; x_wconf 85' lang='lat' dir='ltr'><strong>fructus</strong></span> <span class='ocrx_word' id='word_1_139' title='bbox 780 1331 827 1355; x_wconf 86' lang='lat' dir='ltr'><strong>ex</strong></span> <span class='ocrx_word' id='word_1_140' title='bbox 867 1331 917 1356; x_wconf 91' lang='lat' dir='ltr'><strong>eo</strong></span> <span class='ocrx_word' id='word_1_141' title='bbox 956 1315 1143 1372; x_wconf 86' lang='lat' dir='ltr'><strong>optimos</strong></span> <span class='ocrx_word' id='word_1_142' title='bbox 1172 1332 1387 1369; x_wconf 84' lang='lat' dir='ltr'><strong>generare,</strong></span> <span class='ocrx_word' id='word_1_143' title='bbox 1416 1328 1538 1372; x_wconf 88' lang='lat' dir='ltr'><strong>potes</strong></span> <span class='ocrx_word' id='word_1_144' title='bbox 1567 1331 1638 1368; x_wconf 88' lang='lat' dir='ltr'><strong>ge-</strong></span> 
     </span>
     <span class='ocr_line' id='line_1_17' title="bbox 201 1391 1638 1450; baseline 0.001 -17"><span class='ocrx_word' id='word_1_145' title='bbox 201 1408 355 1433; x_wconf 86' lang='lat' dir='ltr'><strong>nerare</strong></span> <span class='ocrx_word' id='word_1_146' title='bbox 384 1391 524 1442; x_wconf 76' lang='lat' dir='ltr'><strong>Isaac,</strong></span> <span class='ocrx_word' id='word_1_147' title='bbox 556 1393 675 1448; x_wconf 89' lang='lat' dir='ltr'><strong>quod</strong></span> <span class='ocrx_word' id='word_1_148' title='bbox 706 1403 766 1434; x_wconf 89' lang='lat' dir='ltr'><strong>est</strong></span> <span class='ocrx_word' id='word_1_149' title='bbox 793 1394 1023 1444; x_wconf 79' lang='lat' dir='ltr'><strong>gaudium:</strong></span> <span class='ocrx_word' id='word_1_150' title='bbox 1064 1405 1104 1436; x_wconf 89' lang='lat' dir='ltr'><strong>et</strong></span> <span class='ocrx_word' id='word_1_151' title='bbox 1132 1394 1201 1436; x_wconf 82' lang='lat' dir='ltr'><strong>hic</strong></span> <span class='ocrx_word' id='word_1_152' title='bbox 1233 1406 1292 1437; x_wconf 90' lang='lat' dir='ltr'><strong>est</strong></span> <span class='ocrx_word' id='word_1_153' title='bbox 1318 1394 1483 1450; x_wconf 88' lang='lat' dir='ltr'><strong>primus</strong></span> <span class='ocrx_word' id='word_1_154' title='bbox 1511 1392 1638 1450; x_wconf 84' lang='lat' dir='ltr'><strong>spiri-</strong></span> 
     </span>
     <span class='ocr_line' id='line_1_18' title="bbox 204 1471 1634 1528; baseline 0.001 -17"><span class='ocrx_word' id='word_1_155' title='bbox 204 1480 268 1511; x_wconf 89' lang='lat' dir='ltr'><strong>tus</strong></span> <span class='ocrx_word' id='word_1_156' title='bbox 308 1471 490 1512; x_wconf 83' lang='lat' dir='ltr'><strong>fructus:</strong></span> <span class='ocrx_word' id='word_1_157' title='bbox 537 1481 679 1526; x_wconf 83' lang='lat' dir='ltr'><strong>potest</strong></span> <span class='ocrx_word' id='word_1_158' title='bbox 717 1486 862 1512; x_wconf 86' lang='lat' dir='ltr'><strong>semen</strong></span> <span class='ocrx_word' id='word_1_159' title='bbox 899 1483 1047 1523; x_wconf 86' lang='lat' dir='ltr'><strong>tuum,</strong></span> <span class='ocrx_word' id='word_1_160' title='bbox 1104 1472 1150 1514; x_wconf 86' lang='lat' dir='ltr'><strong>id</strong></span> <span class='ocrx_word' id='word_1_161' title='bbox 1168 1471 1211 1528; x_wconf 82' lang='lat'><strong>⁷)</strong></span> <span class='ocrx_word' id='word_1_162' title='bbox 1254 1483 1332 1523; x_wconf 87' lang='lat' dir='ltr'><strong>est,</strong></span> <span class='ocrx_word' id='word_1_163' title='bbox 1379 1488 1512 1528; x_wconf 78' lang='lat' dir='ltr'><strong>opera</strong></span> <span class='ocrx_word' id='word_1_164' title='bbox 1561 1482 1634 1513; x_wconf 82' lang='lat' dir='ltr'><strong>tua</strong></span> 
     </span>
     <span class='ocr_line' id='line_1_19' title="bbox 205 1547 1634 1607; baseline 0.001 -18"><span class='ocrx_word' id='word_1_165' title='bbox 205 1548 466 1589; x_wconf 81' lang='lat' dir='ltr'><strong>adscendere</strong></span> <span class='ocrx_word' id='word_1_166' title='bbox 513 1547 568 1589; x_wconf 84' lang='lat' dir='ltr'><strong>ad</strong></span> <span class='ocrx_word' id='word_1_167' title='bbox 612 1548 808 1599; x_wconf 85' lang='lat' dir='ltr'><strong>coelum,</strong></span> <span class='ocrx_word' id='word_1_168' title='bbox 857 1560 898 1591; x_wconf 88' lang='lat' dir='ltr'><strong>et</strong></span> <span class='ocrx_word' id='word_1_169' title='bbox 939 1549 1053 1592; x_wconf 76' lang='lat' dir='ltr'><strong>effici</strong></span> <span class='ocrx_word' id='word_1_170' title='bbox 1085 1567 1219 1607; x_wconf 82' lang='lat' dir='ltr'><strong>opera</strong></span> <span class='ocrx_word' id='word_1_171' title='bbox 1260 1550 1390 1599; x_wconf 88' lang='lat' dir='ltr'><strong>lucis,</strong></span> <span class='ocrx_word' id='word_1_172' title='bbox 1428 1560 1468 1590; x_wconf 88' lang='lat' dir='ltr'><strong>et</strong></span> <span class='ocrx_word' id='word_1_173' title='bbox 1494 1549 1634 1590; x_wconf 82' lang='lat' dir='ltr'><strong>stella-</strong></span> 
     </span>
     <span class='ocr_line' id='line_1_20' title="bbox 203 1623 1631 1681; baseline 0.001 -17"><span class='ocrx_word' id='word_1_174' title='bbox 203 1640 302 1666; x_wconf 88' lang='lat' dir='ltr'><strong>rum</strong></span> <span class='ocrx_word' id='word_1_175' title='bbox 338 1623 495 1677; x_wconf 84' lang='lat' dir='ltr'><strong>fulgori</strong></span> <span class='ocrx_word' id='word_1_176' title='bbox 532 1624 840 1681; x_wconf 81' lang='lat' dir='ltr'><strong>splendorique</strong></span> <span class='ocrx_word' id='word_1_177' title='bbox 881 1627 1094 1678; x_wconf 82' lang='lat' dir='ltr'><strong>conferri,</strong></span> <span class='ocrx_word' id='word_1_178' title='bbox 1135 1639 1203 1679; x_wconf 84' lang='lat' dir='ltr'><strong>ut,</strong></span> <span class='ocrx_word' id='word_1_179' title='bbox 1243 1644 1344 1669; x_wconf 88' lang='lat' dir='ltr'><strong>cum</strong></span> <span class='ocrx_word' id='word_1_180' title='bbox 1373 1625 1461 1668; x_wconf 83' lang='lat' dir='ltr'><strong>dies</strong></span> <span class='ocrx_word' id='word_1_181' title='bbox 1490 1642 1631 1667; x_wconf 86' lang='lat' dir='ltr'><strong>resur-</strong></span> 
     </span>
     <span class='ocr_line' id='line_1_21' title="bbox 205 1700 1630 1760; baseline 0.002 -19"><span class='ocrx_word' id='word_1_182' title='bbox 205 1700 408 1743; x_wconf 85' lang='lat' dir='ltr'><strong>rectionis</strong></span> <span class='ocrx_word' id='word_1_183' title='bbox 453 1701 646 1752; x_wconf 79' lang='lat' dir='ltr'><strong>affuerit,</strong></span> <span class='ocrx_word' id='word_1_184' title='bbox 687 1713 895 1759; x_wconf 81' lang='lat' dir='ltr'><strong>tanquam</strong></span> <span class='ocrx_word' id='word_1_185' title='bbox 929 1704 1049 1746; x_wconf 83' lang='lat' dir='ltr'><strong>stella</strong></span> <span class='ocrx_word' id='word_1_186' title='bbox 1094 1702 1180 1760; x_wconf 70' lang='lat' dir='ltr'><strong>as)</strong></span> <span class='ocrx_word' id='word_1_187' title='bbox 1219 1705 1339 1746; x_wconf 85' lang='lat' dir='ltr'><strong>stella</strong></span> <span class='ocrx_word' id='word_1_188' title='bbox 1387 1705 1558 1746; x_wconf 80' lang='lat' dir='ltr'><strong>differas</strong></span> <span class='ocrx_word' id='word_1_189' title='bbox 1586 1701 1630 1744; x_wconf 88' lang='lat' dir='ltr'><strong>in</strong></span> 
     </span>
     <span class='ocr_line' id='line_1_22' title="bbox 206 1777 1631 1837; baseline 0.001 -19"><span class='ocrx_word' id='word_1_190' title='bbox 206 1777 406 1820; x_wconf 80' lang='lat' dir='ltr'><strong>claritate.</strong></span> <span class='ocrx_word' id='word_1_191' title='bbox 466 1778 665 1835; x_wconf 88' lang='lat' dir='ltr'><strong>Amplius</strong></span> <span class='ocrx_word' id='word_1_192' title='bbox 727 1780 868 1822; x_wconf 85' lang='lat' dir='ltr'><strong>adhuc</strong></span> <span class='ocrx_word' id='word_1_193' title='bbox 918 1780 1038 1822; x_wconf 90' lang='lat' dir='ltr'><strong>dico:</strong></span> <span class='ocrx_word' id='word_1_194' title='bbox 1089 1793 1231 1837; x_wconf 88' lang='lat' dir='ltr'><strong>potes,</strong></span> <span class='ocrx_word' id='word_1_195' title='bbox 1277 1781 1312 1824; x_wconf 86' lang='lat' dir='ltr'><strong>si</strong></span> <span class='ocrx_word' id='word_1_196' title='bbox 1360 1791 1447 1822; x_wconf 80' lang='lat' dir='ltr'><strong>tam</strong></span> <span class='ocrx_word' id='word_1_197' title='bbox 1496 1797 1631 1836; x_wconf 87' lang='lat' dir='ltr'><strong>purus</strong></span> 
     </span>
     <span class='ocr_line' id='line_1_23' title="bbox 205 1857 1632 1913; baseline 0.001 -16"><span class='ocrx_word' id='word_1_198' title='bbox 205 1867 371 1907; x_wconf 83' lang='lat' dir='ltr'><strong>mente,</strong></span> <span class='ocrx_word' id='word_1_199' title='bbox 417 1866 505 1897; x_wconf 89' lang='lat' dir='ltr'><strong>tam</strong></span> <span class='ocrx_word' id='word_1_200' title='bbox 548 1868 716 1899; x_wconf 85' lang='lat' dir='ltr'><strong>sanctus</strong></span> <span class='ocrx_word' id='word_1_201' title='bbox 746 1874 951 1913; x_wconf 88' lang='lat' dir='ltr'><strong>corpore,</strong></span> <span class='ocrx_word' id='word_1_202' title='bbox 1003 1869 1090 1899; x_wconf 82' lang='lat' dir='ltr'><strong>tam</strong></span> <span class='ocrx_word' id='word_1_203' title='bbox 1129 1857 1428 1900; x_wconf 69' lang='lat' dir='ltr'><strong>im&#39;maculatus</strong></span> <span class='ocrx_word' id='word_1_204' title='bbox 1467 1859 1632 1900; x_wconf 80' lang='lat' dir='ltr'><strong>actibus</strong></span> 
     </span>
    </p>
   </div>
   <div class='ocr_carea' id='block_1_3' title="bbox 201 1932 1632 1991">
    <p class='ocr_par' dir='ltr' id='par_1_3' title="bbox 201 1932 1632 1991">
     <span class='ocr_line' id='line_1_24' title="bbox 201 1932 1632 1991; baseline 0.002 -17"><span class='ocrx_word' id='word_1_205' title='bbox 201 1932 354 1984; x_wconf 84' lang='lat' dir='ltr'><strong>fueris,</strong></span> <span class='ocrx_word' id='word_1_206' title='bbox 393 1932 520 1976; x_wconf 78' lang='lat' dir='ltr'><strong>etiam</strong></span> <span class='ocrx_word' id='word_1_207' title='bbox 558 1934 700 1991; x_wconf 87' lang='lat' dir='ltr'><strong>ipsum</strong></span> <span class='ocrx_word' id='word_1_208' title='bbox 730 1949 932 1988; x_wconf 83' lang='lat' dir='ltr'><strong>generare</strong></span> <span class='ocrx_word' id='word_1_209' title='bbox 963 1933 1202 1988; x_wconf 86' lang='lat' dir='ltr'><strong>Christum,</strong></span> <span class='ocrx_word' id='word_1_210' title='bbox 1229 1937 1466 1979; x_wconf 88' lang='lat' dir='ltr'><strong>seeundum</strong></span> <span class='ocrx_word' id='word_1_211' title='bbox 1495 1936 1632 1987; x_wconf 84' lang='lat' dir='ltr'><strong>illum,</strong></span> 
     </span>
    </p>
   </div>
   <div class='ocr_carea' id='block_1_4' title="bbox 284 2067 537 2075">
    <p class='ocr_par' dir='ltr' id='par_1_4' title="bbox 284 2067 537 2075">
     <span class='ocr_line' id='line_1_25' title="bbox 284 2067 537 2075; baseline 0 1036"><span class='ocrx_word' id='word_1_212' title='bbox 284 2067 537 2075; x_wconf 95' lang='lat' dir='ltr'><strong> </strong></span> 
     </span>
    </p>
   </div>
   <div class='ocr_carea' id='block_1_5' title="bbox 320 2150 1248 2280">
    <p class='ocr_par' dir='ltr' id='par_1_5' title="bbox 320 2150 1248 2280">
     <span class='ocr_line' id='line_1_26' title="bbox 326 2150 1248 2208; baseline 0 -14"><span class='ocrx_word' id='word_1_213' title='bbox 326 2150 370 2208; x_wconf 83' lang='lat'><strong>¹)</strong></span> <span class='ocrx_word' id='word_1_214' title='bbox 405 2151 494 2194; x_wconf 79' lang='lat' dir='ltr'><strong>Cfr.</strong></span> <span class='ocrx_word' id='word_1_215' title='bbox 527 2150 624 2194; x_wconf 86' lang='lat' dir='ltr'><strong>Gal.</strong></span> <span class='ocrx_word' id='word_1_216' title='bbox 652 2150 727 2202; x_wconf 87' lang='lat' dir='ltr'>III,</span> <span class='ocrx_word' id='word_1_217' title='bbox 759 2150 826 2196; x_wconf 87' lang='grc'><strong>16.</strong></span> <span class='ocrx_word' id='word_1_218' title='bbox 857 2151 957 2194; x_wconf 83' lang='lat' dir='ltr'><strong>coll.</strong></span> <span class='ocrx_word' id='word_1_219' title='bbox 988 2151 1084 2194; x_wconf 86' lang='lat' dir='ltr'><strong>cdd.</strong></span> <span class='ocrx_word' id='word_1_220' title='bbox 1113 2151 1166 2194; x_wconf 89' lang='lat' dir='ltr'><strong>N.</strong></span> <span class='ocrx_word' id='word_1_221' title='bbox 1197 2151 1248 2194; x_wconf 88' lang='lat' dir='ltr'><strong>T.</strong></span> 
     </span>
     <span class='ocr_line' id='line_1_27' title="bbox 320 2220 795 2280; baseline -0.002 -17"><span class='ocrx_word' id='word_1_222' title='bbox 320 2222 367 2277; x_wconf 86' lang='grc'><strong>2)</strong></span> <span class='ocrx_word' id='word_1_223' title='bbox 397 2222 480 2264; x_wconf 87' lang='lat' dir='ltr'><strong>Ed.</strong></span> <span class='ocrx_word' id='word_1_224' title='bbox 511 2222 572 2265; x_wconf 89' lang='lat' dir='ltr'><strong>M.</strong></span> <span class='ocrx_word' id='word_1_225' title='bbox 603 2221 663 2264; x_wconf 87' lang='lat'><strong>11:</strong></span> <span class='ocrx_word' id='word_1_226' title='bbox 696 2220 795 2280; x_wconf 86' lang='lat' dir='ltr'><strong>ejus.</strong></span> 
     </span>
    </p>
   </div>
   <div class='ocr_carea' id='block_1_6' title="bbox 197 2291 1627 2472">
    <p class='ocr_par' dir='ltr' id='par_1_6' title="bbox 197 2291 1627 2472">
     <span class='ocr_line' id='line_1_28' title="bbox 319 2291 1627 2348; baseline -0.001 -15"><span class='ocrx_word' id='word_1_227' title='bbox 319 2291 365 2341; x_wconf 74' lang='grc'><strong>3)</strong></span> <span class='ocrx_word' id='word_1_228' title='bbox 401 2292 514 2334; x_wconf 81' lang='lat' dir='ltr'><strong>Alias</strong></span> <span class='ocrx_word' id='word_1_229' title='bbox 545 2291 604 2348; x_wconf 80' lang='lat' dir='ltr'><strong>(v.</strong></span> <span class='ocrx_word' id='word_1_230' title='bbox 638 2308 672 2334; x_wconf 89' lang='lat' dir='ltr'><strong>c.</strong></span> <span class='ocrx_word' id='word_1_231' title='bbox 700 2293 745 2334; x_wconf 87' lang='lat' dir='ltr'><strong>in</strong></span> <span class='ocrx_word' id='word_1_232' title='bbox 773 2294 870 2339; x_wconf 69' lang='lat' dir='ltr'><strong>cdd.</strong></span> <span class='ocrx_word' id='word_1_233' title='bbox 901 2292 1009 2348; x_wconf 81' lang='grc' dir='ltr'>Μ.);</span> <span class='ocrx_word' id='word_1_234' title='bbox 1039 2292 1318 2346; x_wconf 82' lang='lat' dir='ltr'><strong>„intelligeres</strong></span> <span class='ocrx_word' id='word_1_235' title='bbox 1348 2293 1505 2334; x_wconf 87' lang='lat' dir='ltr'><strong>debere</strong></span> <span class='ocrx_word' id='word_1_236' title='bbox 1532 2307 1627 2334; x_wconf 80' lang='lat' dir='ltr'><strong>sen-</strong></span> 
     </span>
     <span class='ocr_line' id='line_1_29' title="bbox 197 2347 1155 2402; baseline 0.002 -12"><span class='ocrx_word' id='word_1_237' title='bbox 197 2347 305 2390; x_wconf 81' lang='lat' dir='ltr'><strong>tiri.“</strong></span> <span class='ocrx_word' id='word_1_238' title='bbox 335 2349 424 2389; x_wconf 76' lang='lat' dir='ltr'><strong>AL:</strong></span> <span class='ocrx_word' id='word_1_239' title='bbox 455 2348 659 2402; x_wconf 84' lang='lat' dir='ltr'><strong>„intelligi</strong></span> <span class='ocrx_word' id='word_1_240' title='bbox 689 2351 846 2391; x_wconf 86' lang='lat' dir='ltr'><strong>debere</strong></span> <span class='ocrx_word' id='word_1_241' title='bbox 867 2350 1075 2392; x_wconf 85' lang='lat' dir='ltr'><strong>sentiret.“</strong></span> <span class='ocrx_word' id='word_1_242' title='bbox 1106 2349 1155 2392; x_wconf 85' lang='lat' dir='ltr'><strong>R.</strong></span> 
     </span>
     <span class='ocr_line' id='line_1_30' title="bbox 318 2416 721 2472; baseline 0.013 -15"><span class='ocrx_word' id='word_1_243' title='bbox 318 2416 364 2472; x_wconf 78' lang='lat'><strong>⁴)</strong></span> <span class='ocrx_word' id='word_1_244' title='bbox 396 2416 522 2459; x_wconf 84' lang='lat' dir='ltr'>Rom.</span> <span class='ocrx_word' id='word_1_245' title='bbox 552 2418 624 2468; x_wconf 86' lang='lat' dir='ltr'><strong>IV,</strong></span> <span class='ocrx_word' id='word_1_246' title='bbox 651 2419 721 2462; x_wconf 77' lang='lat'><strong>20.</strong></span> 
     </span>
    </p>
   </div>
   <div class='ocr_carea' id='block_1_7' title="bbox 198 2486 1625 2586">
    <p class='ocr_par' dir='ltr' id='par_1_7' title="bbox 198 2486 1625 2586">
     <span class='ocr_line' id='line_1_31' title="bbox 317 2486 1625 2544; baseline 0.002 -17"><span class='ocrx_word' id='word_1_247' title='bbox 317 2487 362 2542; x_wconf 84' lang='lat'><strong>⁵)</strong></span> <span class='ocrx_word' id='word_1_248' title='bbox 395 2486 509 2528; x_wconf 82' lang='lat' dir='ltr'><strong>Alias</strong></span> <span class='ocrx_word' id='word_1_249' title='bbox 539 2487 600 2544; x_wconf 86' lang='lat' dir='ltr'><strong>(e.</strong></span> <span class='ocrx_word' id='word_1_250' title='bbox 630 2504 666 2529; x_wconf 88' lang='lat' dir='ltr'><strong>c.</strong></span> <span class='ocrx_word' id='word_1_251' title='bbox 693 2489 739 2529; x_wconf 87' lang='lat' dir='ltr'><strong>in</strong></span> <span class='ocrx_word' id='word_1_252' title='bbox 770 2491 865 2532; x_wconf 88' lang='lat' dir='ltr'><strong>edd.</strong></span> <span class='ocrx_word' id='word_1_253' title='bbox 895 2487 1002 2544; x_wconf 37' lang='lat' dir='ltr'><strong>MA)</strong></span> <span class='ocrx_word' id='word_1_254' title='bbox 1040 2490 1169 2541; x_wconf 87' lang='lat' dir='ltr'><strong>„Non</strong></span> <span class='ocrx_word' id='word_1_255' title='bbox 1200 2489 1313 2530; x_wconf 89' lang='lat' dir='ltr'><strong>enim</strong></span> <span class='ocrx_word' id='word_1_256' title='bbox 1343 2500 1503 2530; x_wconf 75' lang='lat' dir='ltr'><strong>tantam</strong></span> <span class='ocrx_word' id='word_1_257' title='bbox 1534 2489 1625 2540; x_wconf 82' lang='lat' dir='ltr'><strong>glo-</strong></span> 
     </span>
     <span class='ocr_line' id='line_1_32' title="bbox 198 2542 518 2586; baseline -0.01 0"><span class='ocrx_word' id='word_1_258' title='bbox 198 2545 332 2586; x_wconf 77' lang='lat' dir='ltr'><strong>riam“</strong></span> <span class='ocrx_word' id='word_1_259' title='bbox 362 2554 438 2585; x_wconf 84' lang='lat' dir='ltr'><strong>etc.</strong></span> <span class='ocrx_word' id='word_1_260' title='bbox 471 2542 518 2585; x_wconf 83' lang='lat' dir='ltr'><strong>R.</strong></span> 
     </span>
    </p>
   </div>
   <div class='ocr_carea' id='block_1_8' title="bbox 316 2612 1626 2743">
    <p class='ocr_par' dir='ltr' id='par_1_8' title="bbox 316 2612 1626 2743">
     <span class='ocr_line' id='line_1_33' title="bbox 316 2612 785 2668; baseline -0.002 -14"><span class='ocrx_word' id='word_1_261' title='bbox 316 2612 362 2668; x_wconf 75' lang='lat'><strong>⁶)</strong></span> <span class='ocrx_word' id='word_1_262' title='bbox 395 2612 484 2655; x_wconf 85' lang='lat' dir='ltr'><strong>Cfr.</strong></span> <span class='ocrx_word' id='word_1_263' title='bbox 516 2612 679 2656; x_wconf 89' lang='lat' dir='ltr'><strong>Coloss.</strong></span> <span class='ocrx_word' id='word_1_264' title='bbox 711 2613 785 2663; x_wconf 88' lang='lat' dir='ltr'><strong>Ill,</strong></span> 
     </span>
     <span class='ocr_line' id='line_1_34' title="bbox 316 2682 1626 2743; baseline 0.005 -21"><span class='ocrx_word' id='word_1_265' title='bbox 316 2682 362 2738; x_wconf 84' lang='lat'><strong>⁷)</strong></span> <span class='ocrx_word' id='word_1_266' title='bbox 393 2683 508 2726; x_wconf 83' lang='lat' dir='ltr'><strong>Alias</strong></span> <span class='ocrx_word' id='word_1_267' title='bbox 539 2683 599 2740; x_wconf 89' lang='lat' dir='ltr'><strong>(v.</strong></span> <span class='ocrx_word' id='word_1_268' title='bbox 628 2700 662 2725; x_wconf 90' lang='lat' dir='ltr'><strong>c.</strong></span> <span class='ocrx_word' id='word_1_269' title='bbox 693 2683 738 2725; x_wconf 85' lang='lat' dir='ltr'><strong>in</strong></span> <span class='ocrx_word' id='word_1_270' title='bbox 769 2685 865 2726; x_wconf 81' lang='lat' dir='ltr'><strong>edd.</strong></span> <span class='ocrx_word' id='word_1_271' title='bbox 884 2683 968 2741; x_wconf 85' lang='lat' dir='ltr'><strong>M.)</strong></span> <span class='ocrx_word' id='word_1_272' title='bbox 997 2701 1079 2740; x_wconf 90' lang='lat' dir='ltr'><strong>pro</strong></span> <span class='ocrx_word' id='word_1_273' title='bbox 1104 2685 1263 2727; x_wconf 79' lang='lat' dir='ltr'><strong>vmbis:</strong></span> <span class='ocrx_word' id='word_1_274' title='bbox 1293 2685 1363 2736; x_wconf 84' lang='lat' dir='ltr'><strong>„id</strong></span> <span class='ocrx_word' id='word_1_275' title='bbox 1394 2698 1463 2737; x_wconf 85' lang='lat' dir='ltr'><strong>cst,</strong></span> <span class='ocrx_word' id='word_1_276' title='bbox 1495 2703 1626 2743; x_wconf 80' lang='lat' dir='ltr'><strong>opera</strong></span> 
     </span>
    </p>
   </div>
   <div class='ocr_carea' id='block_1_9' title="bbox 197 2741 1623 2868">
    <p class='ocr_par' dir='ltr' id='par_1_9' title="bbox 197 2741 1623 2868">
     <span class='ocr_line' id='line_1_35' title="bbox 197 2741 1165 2798; baseline 0.004 -18"><span class='ocrx_word' id='word_1_277' title='bbox 197 2743 307 2790; x_wconf 84' lang='lat' dir='ltr'><strong>tua,“</strong></span> <span class='ocrx_word' id='word_1_278' title='bbox 334 2741 532 2792; x_wconf 76' lang='lat' dir='ltr'><strong>leguntur</strong></span> <span class='ocrx_word' id='word_1_279' title='bbox 561 2741 689 2782; x_wconf 87' lang='lat' dir='ltr'><strong>haec:</strong></span> <span class='ocrx_word' id='word_1_280' title='bbox 719 2752 786 2791; x_wconf 87' lang='lat' dir='ltr'><strong>„et</strong></span> <span class='ocrx_word' id='word_1_281' title='bbox 815 2757 946 2798; x_wconf 85' lang='lat' dir='ltr'><strong>opera</strong></span> <span class='ocrx_word' id='word_1_282' title='bbox 975 2754 1058 2784; x_wconf 78' lang='lat' dir='ltr'><strong>tua.</strong></span> <span class='ocrx_word' id='word_1_283' title='bbox 1062 2747 1086 2766; x_wconf 77' lang='lat'><strong>‘⁴</strong></span> <span class='ocrx_word' id='word_1_284' title='bbox 1115 2741 1165 2784; x_wconf 88' lang='lat' dir='ltr'><strong>R.</strong></span> 
     </span>
     <span class='ocr_line' id='line_1_36' title="bbox 316 2774 1623 2868; baseline 0.005 -19"><span class='ocrx_word' id='word_1_285' title='bbox 316 2806 363 2862; x_wconf 76' lang='lat'><strong>⁸)</strong></span> <span class='ocrx_word' id='word_1_286' title='bbox 395 2809 558 2852; x_wconf 77' lang='lat' dir='ltr'><strong>Verba.</strong></span> <span class='ocrx_word' id='word_1_287' title='bbox 586 2829 635 2860; x_wconf 80' lang='lat' dir='ltr'><strong>„a</strong></span> <span class='ocrx_word' id='word_1_288' title='bbox 665 2812 826 2861; x_wconf 82' lang='lat' dir='ltr'><strong>stella‚“</strong></span> <span class='ocrx_word' id='word_1_289' title='bbox 866 2813 1017 2854; x_wconf 86' lang='lat' dir='ltr'><strong>desunt</strong></span> <span class='ocrx_word' id='word_1_290' title='bbox 1054 2812 1098 2854; x_wconf 85' lang='lat' dir='ltr'><strong>in</strong></span> <span class='ocrx_word' id='word_1_291' title='bbox 1139 2774 1259 2855; x_wconf 86' lang='lat' dir='ltr'><strong>editis</strong></span> <span class='ocrx_word' id='word_1_292' title='bbox 1295 2813 1353 2868; x_wconf 88' lang='lat' dir='ltr'><strong>(v.</strong></span> <span class='ocrx_word' id='word_1_293' title='bbox 1387 2830 1421 2855; x_wconf 93' lang='lat' dir='ltr'><strong>c.</strong></span> <span class='ocrx_word' id='word_1_294' title='bbox 1451 2814 1496 2855; x_wconf 86' lang='lat' dir='ltr'><strong>in</strong></span> <span class='ocrx_word' id='word_1_295' title='bbox 1529 2815 1623 2856; x_wconf 82' lang='lat' dir='ltr'><strong>edd.</strong></span> 
     </span>
    </p>
   </div>
   <div class='ocr_carea' id='block_1_10' title="bbox 200 2865 1494 2923">
    <p class='ocr_par' dir='ltr' id='par_1_10' title="bbox 200 2865 1494 2923">
     <span class='ocr_line' id='line_1_37' title="bbox 200 2865 1494 2923; baseline 0.005 -18"><span class='ocrx_word' id='word_1_296' title='bbox 200 2865 299 2921; x_wconf 73' lang='lat' dir='ltr'>NL),</span> <span class='ocrx_word' id='word_1_297' title='bbox 330 2877 369 2907; x_wconf 82' lang='lat' dir='ltr'><strong>ct</strong></span> <span class='ocrx_word' id='word_1_298' title='bbox 398 2865 441 2908; x_wconf 83' lang='lat' dir='ltr'><strong>in</strong></span> <span class='ocrx_word' id='word_1_299' title='bbox 473 2867 669 2923; x_wconf 83' lang='lat' dir='ltr'><strong>pluribus</strong></span> <span class='ocrx_word' id='word_1_300' title='bbox 699 2867 796 2911; x_wconf 88' lang='lat' dir='ltr'><strong>Mss.</strong></span> <span class='ocrx_word' id='word_1_301' title='bbox 829 2867 878 2910; x_wconf 88' lang='lat' dir='ltr'><strong>R.</strong></span> <span class='ocrx_word' id='word_1_302' title='bbox 911 2893 962 2902; x_wconf 89' lang='lat'><em>—</em></span> <span class='ocrx_word' id='word_1_303' title='bbox 996 2868 1083 2913; x_wconf 84' lang='lat' dir='ltr'><strong>Cfr.</strong></span> <span class='ocrx_word' id='word_1_304' title='bbox 1117 2869 1133 2911; x_wconf 92' lang='lat' dir='ltr'><strong>l</strong></span> <span class='ocrx_word' id='word_1_305' title='bbox 1170 2869 1272 2913; x_wconf 83' lang='lat' dir='ltr'><strong>Cor.</strong></span> <span class='ocrx_word' id='word_1_306' title='bbox 1301 2870 1398 2923; x_wconf 87' lang='lat' dir='ltr'><strong>XV,</strong></span> <span class='ocrx_word' id='word_1_307' title='bbox 1426 2870 1494 2917; x_wconf 85' lang='grc'><strong>41.</strong></span> 
     </span>
    </p>
   </div>
   <div class='ocr_carea' id='block_1_11' title="bbox 1785 2170 1788 2869">
    <p class='ocr_par' dir='ltr' id='par_1_11' title="bbox 1785 2170 1788 2869">
     <span class='ocr_line' id='line_1_38' title="bbox 1785 2170 1788 2869; baseline 0 0"><span class='ocrx_word' id='word_1_308' title='bbox 1785 2170 1788 2869; x_wconf 95' lang='lat' dir='ltr'><strong> </strong></span> 
     </span>
    </p>
   </div>
  </div>
 </body>
</html>
