1788 3111
177 105 264 149 346
515 101 738 144 Omemx'is
767 113 814 143 m
844 100 923 141 ΕΡ.
956 110 1015 140 An
1047 98 1293 141 Rommos·

181 229 230 260 ut
269 217 315 259 in
354 217 440 258 hoc
477 215 647 258 saeculo
690 231 808 256 mors
851 211 1040 264 regnavit
1076 228 1156 268 per
1194 228 1332 255 unum
1363 214 1527 265 Adam,
1572 226 1612 257 et

182 295 366 337 mortale
396 295 595 336 effectum
629 303 688 335 est
719 307 850 333 omne
879 289 1108 332 hominum
1140 304 1291 341 genus,
1315 291 1373 332 ita
1404 302 1444 332 et
1470 291 1516 333 in
1544 293 1612 333 fu-

180 385 279 415 turo
310 373 481 415 saeculo
514 370 595 412 vita
625 368 820 421 regnabit
847 384 926 425 per
956 366 1197 417 Christum,
1228 379 1266 409 et
1295 367 1614 410 immortalitate

183 450 418 493 donabitur
460 465 589 491 omne
620 447 848 489 hominum
889 462 1030 499 genus.
1091 445 1295 487 Similiter
1325 458 1465 487 autem
1493 457 1540 487 ut
1567 446 1614 488 in

181 529 268 569 hoc
299 527 547 579 ambiguum
589 526 769 568 diximus
808 540 894 567 esse
922 540 1190 572 sermonem,
1227 538 1313 578 quo
1347 521 1424 563 ait:
1453 520 1614 577 ‚,qui')

184 617 243 647 est
268 607 410 647 forma
440 604 627 646 futuri:“
656 599 956 655 invenimus2)
1003 612 1043 641 et
1081 602 1134 641 ad
1176 598 1448 640 colossenses
1477 598 1614 640 ambi-

182 698 263 735 gue
293 681 513 738 scriptum,
532 680 607 722 ubi
627 681 751 722 dicit:
783 696 901 731 „non
920 678 966 727 3)
998 694 1097 730 ergo
1116 694 1190 718 vos
1208 675 1368 734 judicet
1388 676 1612 732 quisquam

181 760 225 802 in
258 759 373 811 cibo,
403 771 476 801 aut
503 759 547 800 in
578 770 712 815 potu,
753 769 826 799 aut
855 757 901 798 in
930 769 1053 813 parte
1085 754 1168 797 diei
1199 753 1306 804 sesti,
1338 765 1409 796 aut
1436 769 1615 795 neome—

180 838 274 887 niis,
305 849 377 879 aut
404 837 611 879 sabbatis:
643 853 752 892 quae
776 848 874 878 sunt
904 837 1058 876 umbra
1086 835 1372 875 futurorumf‘
1429 831 1486 872 Et
1513 829 1614 872 item

181 916 284 957 alibi
313 916 428 957 idem
462 914 694 971 Apostolus
733 913 855 954 dicit:
896 914 1122 964 „umbram
1140 911 1186 966 4)
1226 909 1339 952 enim
1384 910 1514 950 habet
1549 910 1616 949 lex

181 996 404 1036 bonorum
445 994 729 1034 futurorum.“
796 990 846 1032 In
885 990 1040 1046 quibus
1080 989 1228 1045 utique
1262 987 1408 1030 similis
1445 985 1615 1027 dubita-

179 1073 242 1114 tio
262 1071 306 1128 5)
340 1083 411 1121 est,
440 1082 584 1112 utrum
616 1068 759 1118 cibus,
802 1079 842 1109 et
871 1078 1019 1123 potus,
1051 1078 1090 1107 et
1103 1066 1148 1119 6)
1180 1065 1267 1107 dies
1296 1065 1410 1114 festi,
1440 1075 1480 1104 et
1510 1080 1617 1104 neo—

183 1149 363 1199 meniae,
395 1160 434 1189 et
461 1147 651 1195 sabbata,
682 1146 737 1187 ita
769 1146 957 1186 habeant
985 1144 1185 1184 umbram
1208 1144 1467 1191 futurorum,
1497 1151 1544 1181 ut
1570 1140 1617 1180 in

182 1229 366 1269 adventu
398 1223 556 1266 Christi
586 1223 735 1265 veritas
764 1224 946 1264 umbrae
975 1220 1105 1277 ipsius
1137 1219 1367 1276 adimpleta
1396 1218 1470 1268 sit,
1500 1234 1554 1259 an
1572 1217 1618 1273 ⁷)

181 1305 226 1346 in
268 1306 415 1345 futuro
459 1301 630 1345 saeculo
675 1300 728 1342 sit
774 1300 1009 1355 implenda.
1084 1298 1172 1340 Sed
1188 1297 1235 1353 ⁸)
1278 1309 1318 1338 et
1355 1298 1474 1352 quod
1518 1295 1621 1337 dicit

183 1381 432 1439 Apostolus,
462 1391 598 1422 totam
636 1381 772 1430 legem
804 1378 1005 1420 umbram
1051 1376 1210 1417 habere
1251 1376 1497 1417 futurorum
1535 1374 1620 1416 ho-

182 1476 358 1509 norum,
389 1470 534 1499 utrum
563 1458 609 1498 in
646 1458 830 1498 adventu
863 1455 1043 1504 Christi,
1083 1470 1136 1495 an
1177 1452 1222 1494 in
1267 1454 1414 1494 futuro
1443 1451 1617 1493 saeculo

183 1539 365 1578 umbrae
394 1537 509 1578 istius
541 1536 750 1591 explenda
788 1533 903 1586 sit9)
944 1533 1118 1583 veritas,
1147 1531 1359 1573 incertum
1399 1540 1480 1571 est:
1520 1528 1619 1585 quia

183 1614 311 1670 et¹⁰)
350 1614 395 1654 in
441 1612 525 1655 alio
568 1613 668 1653 loco
708 1610 998 1666 scribitur¹¹)
1032 1609 1157 1651 etiam
1189 1609 1243 1649 de
1275 1607 1362 1658 his,
1402 1623 1512 1663 quae
1537 1609 1618 1649 sub

181 1695 274 1744 lege
311 1703 422 1742 sunt,
458 1691 578 1746 quod
618 1690 786 1731 formae
814 1701 855 1729 et
884 1688 1065 1730 umbrae
1095 1686 1333 1728 deserviant
1363 1686 1618 1727 coelestium.

185 1770 274 1825 Qui
306 1785 404 1822 ergo
436 1768 526 1808 vult
554 1768 785 1815 adstruere,
814 1766 933 1820 quod
964 1764 1007 1805 in
1028 1765 1211 1805 adventu
1230 1762 1386 1806 Christi
1401 1762 1477 1805 ista
1497 1779 1618 1804 com-

183 1849 299 1904 pleta
327 1846 423 1895 sint,
455 1844 539 1886 cibi
571 1856 610 1885 et
649 1855 777 1900 potus
817 1843 1004 1884 rationes
1043 1841 1316 1883 confirmabit
1353 1842 1535 1898 expletas
1572 1839 1618 1880 in

186 1941 264 1976 eo,
302 1924 379 1965 ubi
408 1923 560 1965 Petrus
599 1939 679 1979 per
717 1921 924 1963 visionem
955 1919 1058 1962 vidit
1087 1919 1132 1961 in
1161 1918 1294 1961 linteo
1328 1935 1459 1961 omne
1489 1933 1619 1970 genus

307 2114 347 2168 ¹)
378 2113 507 2154 Rom.
538 2113 589 2163 V,
621 2112 687 2154 14.

305 2185 352 2241 2)
384 2185 496 2226 Edd.
528 2183 725 2224 Merlini:
756 2182 1019 2224 inveniemus
1050 2181 1104 2223 ad
1138 2179 1411 2223 Colossenscs
1443 2191 1518 2221 etc.

303 2256 352 2308 ³)
386 2255 549 2296 Coloss.
580 2253 634 2303 ll,
667 2254 731 2297 16.
851 2250 897 2306 4)
928 2251 1061 2293 Hebr.
1092 2251 1148 2300 X,
1180 2252 1218 2293 1.

304 2326 350 2382 ⁵)
380 2325 499 2368 Editi
530 2326 590 2380 (v.
624 2340 658 2364 c.
692 2323 786 2364 edd.
817 2322 925 2379 Μ.);
959 2322 1256 2378 „disputatio.“
1289 2320 1337 2361 R.

304 2397 350 2451 6)
384 2396 492 2437 Edd.
540 2393 739 2437 Merlini:
783 2406 821 2436 et
860 2394 953 2435 sesti
995 2394 1104 2443 dies,
1153 2390 1409 2435 neomeniae
1448 2401 1486 2429 et
1525 2390 1619 2430 sab-

184 2458 281 2497 bata
313 2465 390 2494 etc.

306 2522 351 2579 7)
379 2523 488 2563 Edd.
521 2520 716 2561 Merlini:
752 2532 822 2560 aut
854 2520 897 2561 in
930 2522 1075 2560 futuro
1109 2531 1183 2560 etc.

304 2592 350 2646 ὅ)
383 2593 494 2633 Edd.
535 2590 732 2631 Mcrlini:
786 2590 871 2630 Sed
912 2602 950 2631 et
991 2600 1123 2629 totam
1176 2590 1308 2637 legem
1359 2588 1476 2641 quod
1521 2585 1616 2627 dicit

192 2651 423 2706 Apostolus
456 2649 655 2689 umbram
688 2647 847 2687 habere
879 2658 954 2688 otc.
987 2670 1037 2678 —-
1072 2644 1159 2686 Cfr.
1193 2644 1323 2687 Hebr.
1355 2643 1411 2693 X,
1443 2643 1478 2685 1.

306 2719 350 2771 9)
383 2719 460 2760 Ed.
492 2718 551 2758 M.
585 2718 643 2757 ll:
677 2729 745 2758 cst.

283 2790 353 2842 ¹⁰)
384 2789 662 2830 Desideratus
695 2794 783 2837 ,‚et“
816 2788 858 2829 in
892 2789 985 2829 cdd.
1018 2784 1203 2828 Merlini.

283 2860 353 2913 Η)
384 2859 513 2900 Hebr.
548 2858 659 2907 Vlll,
689 2858 725 2900 5,
