<?xml version="1.0" encoding="UTF-8"?>
<!DOCTYPE html PUBLIC "-//W3C//DTD XHTML 1.0 Transitional//EN"
    "http://www.w3.org/TR/xhtml1/DTD/xhtml1-transitional.dtd">
<html xmlns="http://www.w3.org/1999/xhtml" xml:lang="en" lang="en">
 <head>
  <title>
</title>
<meta http-equiv="Content-Type" content="text/html;charset=utf-8" />
  <meta name='ocr-system' content='tesseract 3.04.00' />
  <meta name='ocr-capabilities' content='ocr_page ocr_carea ocr_par ocr_line ocrx_word'/>
</head>
<body>
  <div class='ocr_page' id='page_1' title='image "./operaomniaquaegr06orig_0420.png"; bbox 0 0 1788 3111; ppageno 0'>
   <div class='ocr_carea' id='block_1_1' title="bbox 218 124 1313 170">
    <p class='ocr_par' dir='ltr' id='par_1_1' title="bbox 218 124 1313 170">
     <span class='ocr_line' id='line_1_1' title="bbox 218 124 1313 170; baseline -0.003 0"><span class='ocrx_word' id='word_1_1' title='bbox 218 128 302 170; x_wconf 84' lang='grc'>408</span> <span class='ocrx_word' id='word_1_2' title='bbox 559 124 783 166; x_wconf 68' lang='lat' dir='ltr'>Omonms</span> <span class='ocrx_word' id='word_1_3' title='bbox 812 136 859 166; x_wconf 77' lang='lat' dir='ltr'>m</span> <span class='ocrx_word' id='word_1_4' title='bbox 888 124 966 166; x_wconf 81' lang='lat' dir='ltr'>Ep,</span> <span class='ocrx_word' id='word_1_5' title='bbox 995 136 1055 166; x_wconf 79' lang='lat' dir='ltr'>An</span> <span class='ocrx_word' id='word_1_6' title='bbox 1088 124 1313 167; x_wconf 69' lang='lat' dir='ltr'>Rommos</span> 
     </span>
    </p>
   </div>
   <div class='ocr_carea' id='block_1_2' title="bbox 211 236 1682 2079">
    <p class='ocr_par' dir='ltr' id='par_1_2' title="bbox 211 236 1682 2079">
     <span class='ocr_line' id='line_1_2' title="bbox 216 236 1643 296; baseline -0.001 -15"><span class='ocrx_word' id='word_1_7' title='bbox 216 239 426 282; x_wconf 70' lang='lat' dir='ltr'>medicina</span> <span class='ocrx_word' id='word_1_8' title='bbox 456 255 604 280; x_wconf 84' lang='lat' dir='ltr'>sanare</span> <span class='ocrx_word' id='word_1_9' title='bbox 634 255 723 279; x_wconf 88' lang='lat' dir='ltr'>non</span> <span class='ocrx_word' id='word_1_10' title='bbox 749 238 902 294; x_wconf 87' lang='lat' dir='ltr'>potuit.</span> <span class='ocrx_word' id='word_1_11' title='bbox 948 236 1083 296; x_wconf 84' lang='lat' dir='ltr'>Ajunt</span> <span class='ocrx_word' id='word_1_12' title='bbox 1114 238 1246 280; x_wconf 87' lang='lat' dir='ltr'>enim:</span> <span class='ocrx_word' id='word_1_13' title='bbox 1277 238 1515 294; x_wconf 87' lang='lat' dir='ltr'>„numquid</span> <span class='ocrx_word' id='word_1_14' title='bbox 1545 251 1643 294; x_wconf 83' lang='lat' dir='ltr'>pot—</span> 
     </span>
     <span class='ocr_line' id='line_1_3' title="bbox 217 314 1642 372; baseline -0.002 -12"><span class='ocrx_word' id='word_1_15' title='bbox 217 331 278 360; x_wconf 90' lang='lat' dir='ltr'>est</span> <span class='ocrx_word' id='word_1_16' title='bbox 309 318 524 359; x_wconf 80' lang='lat' dir='ltr'>saeculum</span> <span class='ocrx_word' id='word_1_17' title='bbox 557 333 644 358; x_wconf 86' lang='lat' dir='ltr'>esse</span> <span class='ocrx_word' id='word_1_18' title='bbox 674 315 852 371; x_wconf 86' lang='lat' dir='ltr'>aliquod</span> <span class='ocrx_word' id='word_1_19' title='bbox 881 315 925 356; x_wconf 91' lang='lat' dir='ltr'>in</span> <span class='ocrx_word' id='word_1_20' title='bbox 955 316 1123 364; x_wconf 87' lang='lat' dir='ltr'>futuro,</span> <span class='ocrx_word' id='word_1_21' title='bbox 1153 314 1229 355; x_wconf 87' lang='lat' dir='ltr'>ubi</span> <span class='ocrx_word' id='word_1_22' title='bbox 1260 332 1399 372; x_wconf 88' lang='lat' dir='ltr'>neque</span> <span class='ocrx_word' id='word_1_23' title='bbox 1430 316 1536 357; x_wconf 86' lang='lat' dir='ltr'>boni</span> <span class='ocrx_word' id='word_1_24' title='bbox 1567 316 1642 357; x_wconf 82' lang='lat' dir='ltr'>ali-</span> 
     </span>
     <span class='ocr_line' id='line_1_4' title="bbox 218 393 1646 453; baseline -0.002 -16"><span class='ocrx_word' id='word_1_25' title='bbox 218 397 343 453; x_wconf 85' lang='lat' dir='ltr'>quid,</span> <span class='ocrx_word' id='word_1_26' title='bbox 386 412 526 450; x_wconf 87' lang='lat' dir='ltr'>neque</span> <span class='ocrx_word' id='word_1_27' title='bbox 565 394 666 434; x_wconf 86' lang='lat' dir='ltr'>mali</span> <span class='ocrx_word' id='word_1_28' title='bbox 704 405 873 446; x_wconf 82' lang='lat' dir='ltr'>agatur,</span> <span class='ocrx_word' id='word_1_29' title='bbox 911 393 984 433; x_wconf 86' lang='lat' dir='ltr'>sed</span> <span class='ocrx_word' id='word_1_30' title='bbox 1014 404 1211 448; x_wconf 82' lang='lat' dir='ltr'><strong>stupeant</strong></span> <span class='ocrx_word' id='word_1_31' title='bbox 1243 410 1329 443; x_wconf 87' lang='lat' dir='ltr'>res,</span> <span class='ocrx_word' id='word_1_32' title='bbox 1369 405 1410 434; x_wconf 87' lang='lat' dir='ltr'>et</span> <span class='ocrx_word' id='word_1_33' title='bbox 1446 406 1646 434; x_wconf 84' lang='lat' dir='ltr'>maneant</span> 
     </span>
     <span class='ocr_line' id='line_1_5' title="bbox 215 469 1643 530; baseline -0.002 -15"><span class='ocrx_word' id='word_1_34' title='bbox 215 475 433 530; x_wconf 85' lang='lat' dir='ltr'>profunda</span> <span class='ocrx_word' id='word_1_35' title='bbox 463 471 682 513; x_wconf 81' lang='lat' dir='ltr'>silentia?“</span> <span class='ocrx_word' id='word_1_36' title='bbox 714 471 961 511; x_wconf 88' lang='lat' dir='ltr'>Absurdum</span> <span class='ocrx_word' id='word_1_37' title='bbox 993 470 1076 511; x_wconf 88' lang='lat' dir='ltr'>hoc</span> <span class='ocrx_word' id='word_1_38' title='bbox 1120 469 1254 511; x_wconf 82' lang='lat' dir='ltr'>videri</span> <span class='ocrx_word' id='word_1_39' title='bbox 1294 483 1495 512; x_wconf 86' lang='lat' dir='ltr'>asserunt.</span> <span class='ocrx_word' id='word_1_40' title='bbox 1552 471 1643 512; x_wconf 82' lang='lat' dir='ltr'>Da—</span> 
     </span>
     <span class='ocr_line' id='line_1_6' title="bbox 215 546 1644 603; baseline -0.004 -10"><span class='ocrx_word' id='word_1_41' title='bbox 215 552 355 593; x_wconf 87' lang='lat' dir='ltr'>bimus</span> <span class='ocrx_word' id='word_1_42' title='bbox 387 567 485 603; x_wconf 86' lang='lat' dir='ltr'>ergo</span> <span class='ocrx_word' id='word_1_43' title='bbox 517 549 581 601; x_wconf 85' lang='lat' dir='ltr'>agi</span> <span class='ocrx_word' id='word_1_44' title='bbox 612 547 785 603; x_wconf 76' lang='lat' dir='ltr'>aliquid.</span> <span class='ocrx_word' id='word_1_45' title='bbox 853 548 936 596; x_wconf 84' lang='lat' dir='ltr'>„Et</span> <span class='ocrx_word' id='word_1_46' title='bbox 974 547 1049 587; x_wconf 86' lang='lat' dir='ltr'>ubi</span> <span class='ocrx_word' id='word_1_47' title='bbox 1083 559 1229 600; x_wconf 80' lang='lat' dir='ltr'>agatur</span> <span class='ocrx_word' id='word_1_48' title='bbox 1259 546 1447 603; x_wconf 88' lang='lat' dir='ltr'>aliquid,</span> <span class='ocrx_word' id='word_1_49' title='bbox 1476 564 1644 590; x_wconf 85' lang='lat' dir='ltr'>necesse</span> 
     </span>
     <span class='ocr_line' id='line_1_7' title="bbox 216 624 1643 686; baseline -0.004 -15"><span class='ocrx_word' id='word_1_50' title='bbox 216 643 288 679; x_wconf 85' lang='lat' dir='ltr'>est,</span> <span class='ocrx_word' id='word_1_51' title='bbox 320 628 451 686; x_wconf 82' lang='lat' dir='ltr'>ajunt,</span> <span class='ocrx_word' id='word_1_52' title='bbox 482 639 528 668; x_wconf 84' lang='lat' dir='ltr'>ut</span> <span class='ocrx_word' id='word_1_53' title='bbox 558 624 719 680; x_wconf 87' lang='lat' dir='ltr'>aliquid</span> <span class='ocrx_word' id='word_1_54' title='bbox 750 636 875 673; x_wconf 82' lang='lat' dir='ltr'>reete,</span> <span class='ocrx_word' id='word_1_55' title='bbox 909 624 1069 680; x_wconf 86' lang='lat' dir='ltr'>aliquid</span> <span class='ocrx_word' id='word_1_56' title='bbox 1091 624 1215 665; x_wconf 86' lang='lat' dir='ltr'>etiam</span> <span class='ocrx_word' id='word_1_57' title='bbox 1240 625 1379 665; x_wconf 90' lang='lat' dir='ltr'>minus</span> <span class='ocrx_word' id='word_1_58' title='bbox 1406 637 1517 666; x_wconf 87' lang='lat' dir='ltr'>recte</span> <span class='ocrx_word' id='word_1_59' title='bbox 1549 641 1643 677; x_wconf 85' lang='lat' dir='ltr'>aga-</span> 
     </span>
     <span class='ocr_line' id='line_1_8' title="bbox 214 701 1644 760; baseline -0.003 -12"><span class='ocrx_word' id='word_1_60' title='bbox 214 720 303 757; x_wconf 85' lang='lat' dir='ltr'>tur,</span> <span class='ocrx_word' id='word_1_61' title='bbox 349 718 388 747; x_wconf 87' lang='lat' dir='ltr'>et</span> <span class='ocrx_word' id='word_1_62' title='bbox 427 707 471 746; x_wconf 88' lang='lat' dir='ltr'>in</span> <span class='ocrx_word' id='word_1_63' title='bbox 510 704 602 760; x_wconf 82' lang='lat' dir='ltr'>ipso</span> <span class='ocrx_word' id='word_1_64' title='bbox 644 713 739 743; x_wconf 82' lang='lat' dir='ltr'>actu</span> <span class='ocrx_word' id='word_1_65' title='bbox 771 701 901 755; x_wconf 75' lang='lat' dir='ltr'>alii¹)</span> <span class='ocrx_word' id='word_1_66' title='bbox 938 701 1186 757; x_wconf 69' lang='lat' dir='ltr'>prestolant,</span> <span class='ocrx_word' id='word_1_67' title='bbox 1229 714 1268 742; x_wconf 87' lang='lat' dir='ltr'>et</span> <span class='ocrx_word' id='word_1_68' title='bbox 1299 702 1497 743; x_wconf 83' lang='lat' dir='ltr'>meliores</span> <span class='ocrx_word' id='word_1_69' title='bbox 1529 705 1644 752; x_wconf 83' lang='lat' dir='ltr'>fiant,</span> 
     </span>
     <span class='ocr_line' id='line_1_9' title="bbox 215 778 1643 835; baseline -0.004 -10"><span class='ocrx_word' id='word_1_70' title='bbox 215 785 284 825; x_wconf 84' lang='lat' dir='ltr'>alii</span> <span class='ocrx_word' id='word_1_71' title='bbox 325 783 568 825; x_wconf 76' lang='lat' dir='ltr'>deteriores.</span> <span class='ocrx_word' id='word_1_72' title='bbox 637 779 828 820; x_wconf 74' lang='lat' dir='ltr'><strong>Libertas</strong></span> <span class='ocrx_word' id='word_1_73' title='bbox 880 778 992 819; x_wconf 83' lang='lat' dir='ltr'>enim</span> <span class='ocrx_word' id='word_1_74' title='bbox 1039 778 1202 820; x_wconf 84' lang='lat' dir='ltr'>arbitrii</span> <span class='ocrx_word' id='word_1_75' title='bbox 1251 796 1419 835; x_wconf 79' lang='lat' dir='ltr'>semper</span> <span class='ocrx_word' id='word_1_76' title='bbox 1466 791 1643 821; x_wconf 80' lang='lat' dir='ltr'>naturae</span> 
     </span>
     <span class='ocr_line' id='line_1_10' title="bbox 215 856 1642 916; baseline -0.004 -13"><span class='ocrx_word' id='word_1_77' title='bbox 215 861 457 903; x_wconf 75' lang='lat' dir='ltr'>rationabili</span> <span class='ocrx_word' id='word_1_78' title='bbox 487 857 766 916; x_wconf 85' lang='lat' dir='ltr'>permanebit,</span> <span class='ocrx_word' id='word_1_79' title='bbox 799 868 840 898; x_wconf 80' lang='lat' dir='ltr'>et</span> <span class='ocrx_word' id='word_1_80' title='bbox 869 856 976 897; x_wconf 89' lang='lat' dir='ltr'>sicut</span> <span class='ocrx_word' id='word_1_81' title='bbox 1005 856 1208 912; x_wconf 87' lang='lat' dir='ltr'>possibile</span> <span class='ocrx_word' id='word_1_82' title='bbox 1238 857 1329 907; x_wconf 84' lang='lat' dir='ltr'>suit,</span> <span class='ocrx_word' id='word_1_83' title='bbox 1363 857 1487 898; x_wconf 81' lang='lat' dir='ltr'>etiam</span> <span class='ocrx_word' id='word_1_84' title='bbox 1507 857 1642 906; x_wconf 83' lang='lat' dir='ltr'>illum,</span> 
     </span>
     <span class='ocr_line' id='line_1_11' title="bbox 215 934 1645 997; baseline -0.004 -16"><span class='ocrx_word' id='word_1_85' title='bbox 215 940 287 997; x_wconf 88' lang='lat' dir='ltr'>qui</span> <span class='ocrx_word' id='word_1_86' title='bbox 323 940 464 996; x_wconf 83' lang='lat' dir='ltr'>pro2)</span> <span class='ocrx_word' id='word_1_87' title='bbox 507 938 738 993; x_wconf 82' lang='lat' dir='ltr'>splendore</span> <span class='ocrx_word' id='word_1_88' title='bbox 778 934 937 988; x_wconf 82' lang='lat' dir='ltr'>gloriae</span> <span class='ocrx_word' id='word_1_89' title='bbox 979 934 1149 975; x_wconf 79' lang='lat' dir='ltr'><strong>Lucifer</strong></span> <span class='ocrx_word' id='word_1_90' title='bbox 1180 935 1350 991; x_wconf 73' lang='lat' dir='ltr'>erat‚³)</span> <span class='ocrx_word' id='word_1_91' title='bbox 1391 947 1431 975; x_wconf 83' lang='lat' dir='ltr'>et</span> <span class='ocrx_word' id='word_1_92' title='bbox 1467 946 1645 990; x_wconf 81' lang='lat' dir='ltr'>propter</span> 
     </span>
     <span class='ocr_line' id='line_1_12' title="bbox 212 1011 1645 1065; baseline -0.005 -6"><span class='ocrx_word' id='word_1_93' title='bbox 212 1020 361 1059; x_wconf 89' lang='lat' dir='ltr'>lumen</span> <span class='ocrx_word' id='word_1_94' title='bbox 389 1015 587 1058; x_wconf 79' lang='lat' dir='ltr'>scientiae</span> <span class='ocrx_word' id='word_1_95' title='bbox 616 1030 742 1055; x_wconf 89' lang='lat' dir='ltr'>mane</span> <span class='ocrx_word' id='word_1_96' title='bbox 765 1012 995 1061; x_wconf 80' lang='lat' dir='ltr'>oriebatur,</span> <span class='ocrx_word' id='word_1_97' title='bbox 1025 1011 1280 1052; x_wconf 88' lang='lat' dir='ltr'>commutari</span> <span class='ocrx_word' id='word_1_98' title='bbox 1311 1014 1363 1053; x_wconf 89' lang='lat' dir='ltr'>de</span> <span class='ocrx_word' id='word_1_99' title='bbox 1391 1012 1523 1065; x_wconf 85' lang='lat' dir='ltr'>gloria</span> <span class='ocrx_word' id='word_1_100' title='bbox 1557 1029 1645 1061; x_wconf 91' lang='lat' dir='ltr'>sua,</span> 
     </span>
     <span class='ocr_line' id='line_1_13' title="bbox 214 1088 1641 1147; baseline -0.005 -11"><span class='ocrx_word' id='word_1_101' title='bbox 214 1108 255 1137; x_wconf 84' lang='lat' dir='ltr'>et</span> <span class='ocrx_word' id='word_1_102' title='bbox 286 1094 398 1136; x_wconf 79' lang='lat' dir='ltr'>effici</span> <span class='ocrx_word' id='word_1_103' title='bbox 426 1094 622 1135; x_wconf 79' lang='lat' dir='ltr'>tenebras</span> <span class='ocrx_word' id='word_1_104' title='bbox 652 1102 832 1147; x_wconf 85' lang='lat' dir='ltr'>propter</span> <span class='ocrx_word' id='word_1_105' title='bbox 860 1088 1089 1138; x_wconf 87' lang='lat' dir='ltr'>malitiam,</span> <span class='ocrx_word' id='word_1_106' title='bbox 1132 1106 1261 1144; x_wconf 85' lang='lat' dir='ltr'>quarn</span> <span class='ocrx_word' id='word_1_107' title='bbox 1292 1089 1478 1145; x_wconf 84' lang='lat' dir='ltr'>recepit,</span> <span class='ocrx_word' id='word_1_108' title='bbox 1521 1101 1562 1131; x_wconf 86' lang='lat' dir='ltr'>et</span> <span class='ocrx_word' id='word_1_109' title='bbox 1590 1089 1641 1130; x_wconf 88' lang='lat' dir='ltr'>il-</span> 
     </span>
     <span class='ocr_line' id='line_1_14' title="bbox 212 1166 1644 1228; baseline -0.006 -13"><span class='ocrx_word' id='word_1_110' title='bbox 212 1176 316 1225; x_wconf 87' lang='lat' dir='ltr'>lum,</span> <span class='ocrx_word' id='word_1_111' title='bbox 348 1172 421 1228; x_wconf 83' lang='lat' dir='ltr'>qui</span> <span class='ocrx_word' id='word_1_112' title='bbox 450 1171 530 1212; x_wconf 79' lang='lat' dir='ltr'>suit</span> <span class='ocrx_word' id='word_1_113' title='bbox 545 1171 590 1226; x_wconf 71' lang='lat'>4)</span> <span class='ocrx_word' id='word_1_114' title='bbox 620 1168 916 1210; x_wconf 86' lang='lat' dir='ltr'>immaculatus</span> <span class='ocrx_word' id='word_1_115' title='bbox 948 1183 971 1207; x_wconf 87' lang='lat' dir='ltr'>a</span> <span class='ocrx_word' id='word_1_116' title='bbox 1001 1166 1215 1207; x_wconf 77' lang='lat' dir='ltr'>nativitate</span> <span class='ocrx_word' id='word_1_117' title='bbox 1245 1183 1339 1216; x_wconf 87' lang='lat' dir='ltr'>sua,</span> <span class='ocrx_word' id='word_1_118' title='bbox 1372 1178 1413 1208; x_wconf 86' lang='lat' dir='ltr'>et</span> <span class='ocrx_word' id='word_1_119' title='bbox 1442 1166 1644 1207; x_wconf 88' lang='lat' dir='ltr'>habitavit</span> 
     </span>
     <span class='ocr_line' id='line_1_15' title="bbox 213 1244 1642 1300; baseline -0.006 -7"><span class='ocrx_word' id='word_1_120' title='bbox 213 1269 312 1293; x_wconf 91' lang='lat' dir='ltr'>cum</span> <span class='ocrx_word' id='word_1_121' title='bbox 344 1248 604 1297; x_wconf 83' lang='lat' dir='ltr'>Cherubim,</span> <span class='ocrx_word' id='word_1_122' title='bbox 647 1258 688 1287; x_wconf 91' lang='lat' dir='ltr'>et</span> <span class='ocrx_word' id='word_1_123' title='bbox 726 1246 769 1286; x_wconf 89' lang='lat' dir='ltr'>in</span> <span class='ocrx_word' id='word_1_124' title='bbox 811 1244 955 1286; x_wconf 89' lang='lat' dir='ltr'>medio</span> <span class='ocrx_word' id='word_1_125' title='bbox 987 1244 1180 1300; x_wconf 86' lang='lat' dir='ltr'>lapidum</span> <span class='ocrx_word' id='word_1_126' title='bbox 1210 1244 1435 1298; x_wconf 84' lang='lat' dir='ltr'>igneorum</span> <span class='ocrx_word' id='word_1_127' title='bbox 1466 1261 1642 1286; x_wconf 84' lang='lat' dir='ltr'>conver—</span> 
     </span>
     <span class='ocr_line' id='line_1_16' title="bbox 213 1322 1644 1378; baseline -0.006 -7"><span class='ocrx_word' id='word_1_128' title='bbox 213 1341 325 1371; x_wconf 87' lang='lat' dir='ltr'>satus</span> <span class='ocrx_word' id='word_1_129' title='bbox 357 1340 438 1378; x_wconf 88' lang='lat' dir='ltr'>est,</span> <span class='ocrx_word' id='word_1_130' title='bbox 470 1338 510 1368; x_wconf 88' lang='lat' dir='ltr'>et</span> <span class='ocrx_word' id='word_1_131' title='bbox 548 1326 723 1367; x_wconf 88' lang='lat' dir='ltr'>indutus</span> <span class='ocrx_word' id='word_1_132' title='bbox 764 1323 886 1378; x_wconf 75' lang='lat' dir='ltr'>est5)</span> <span class='ocrx_word' id='word_1_133' title='bbox 930 1340 1057 1364; x_wconf 87' lang='lat' dir='ltr'>omne</span> <span class='ocrx_word' id='word_1_134' title='bbox 1097 1334 1399 1364; x_wconf 83' lang='lat' dir='ltr'>ornamentum</span> <span class='ocrx_word' id='word_1_135' title='bbox 1427 1322 1644 1372; x_wconf 82' lang='lat' dir='ltr'>virtutum,</span> 
     </span>
     <span class='ocr_line' id='line_1_17' title="bbox 213 1399 1642 1460; baseline -0.006 -11"><span class='ocrx_word' id='word_1_136' title='bbox 213 1425 291 1449; x_wconf 92' lang='lat' dir='ltr'>nec</span> <span class='ocrx_word' id='word_1_137' title='bbox 321 1406 402 1448; x_wconf 83' lang='lat' dir='ltr'>fuit</span> <span class='ocrx_word' id='word_1_138' title='bbox 431 1406 520 1446; x_wconf 87' lang='lat' dir='ltr'>ulla</span> <span class='ocrx_word' id='word_1_139' title='bbox 540 1404 587 1460; x_wconf 74' lang='lat'>⁶)</span> <span class='ocrx_word' id='word_1_140' title='bbox 627 1402 672 1443; x_wconf 86' lang='lat' dir='ltr'>in</span> <span class='ocrx_word' id='word_1_141' title='bbox 702 1401 900 1458; x_wconf 80' lang='lat' dir='ltr'>paradiso</span> <span class='ocrx_word' id='word_1_142' title='bbox 932 1401 1018 1443; x_wconf 81' lang='lat' dir='ltr'>Dei</span> <span class='ocrx_word' id='word_1_143' title='bbox 1048 1402 1179 1442; x_wconf 86' lang='lat' dir='ltr'>arbor</span> <span class='ocrx_word' id='word_1_144' title='bbox 1208 1401 1434 1450; x_wconf 83' lang='lat' dir='ltr'>virtutum,</span> <span class='ocrx_word' id='word_1_145' title='bbox 1466 1416 1574 1456; x_wconf 87' lang='lat' dir='ltr'>quae</span> <span class='ocrx_word' id='word_1_146' title='bbox 1606 1399 1642 1442; x_wconf 88' lang='lat' dir='ltr'>ei</span> 
     </span>
     <span class='ocr_line' id='line_1_18' title="bbox 213 1478 1644 1541; baseline -0.006 -14"><span class='ocrx_word' id='word_1_147' title='bbox 213 1484 453 1541; x_wconf 86' lang='lat' dir='ltr'>comparari</span> <span class='ocrx_word' id='word_1_148' title='bbox 493 1493 660 1539; x_wconf 86' lang='lat' dir='ltr'>posset,</span> <span class='ocrx_word' id='word_1_149' title='bbox 701 1491 800 1536; x_wconf 82' lang='lat' dir='ltr'>post</span> <span class='ocrx_word' id='word_1_150' title='bbox 837 1480 939 1520; x_wconf 85' lang='lat' dir='ltr'>haec</span> <span class='ocrx_word' id='word_1_151' title='bbox 978 1478 1173 1519; x_wconf 84' lang='lat' dir='ltr'>inventae</span> <span class='ocrx_word' id='word_1_152' title='bbox 1201 1490 1300 1520; x_wconf 91' lang='lat' dir='ltr'>sunt</span> <span class='ocrx_word' id='word_1_153' title='bbox 1328 1478 1570 1534; x_wconf 85' lang='lat' dir='ltr'>iniquitates</span> <span class='ocrx_word' id='word_1_154' title='bbox 1600 1478 1644 1518; x_wconf 85' lang='lat' dir='ltr'>iu</span> 
     </span>
     <span class='ocr_line' id='line_1_19' title="bbox 214 1555 1642 1614; baseline -0.007 -8"><span class='ocrx_word' id='word_1_155' title='bbox 214 1582 286 1614; x_wconf 87' lang='lat' dir='ltr'>eo,</span> <span class='ocrx_word' id='word_1_156' title='bbox 331 1575 371 1604; x_wconf 90' lang='lat' dir='ltr'>et</span> <span class='ocrx_word' id='word_1_157' title='bbox 409 1563 461 1602; x_wconf 89' lang='lat' dir='ltr'>de</span> <span class='ocrx_word' id='word_1_158' title='bbox 501 1561 623 1602; x_wconf 87' lang='lat' dir='ltr'>coelo</span> <span class='ocrx_word' id='word_1_159' title='bbox 655 1560 699 1600; x_wconf 87' lang='lat' dir='ltr'>in</span> <span class='ocrx_word' id='word_1_160' title='bbox 730 1570 887 1599; x_wconf 84' lang='lat' dir='ltr'>terram</span> <span class='ocrx_word' id='word_1_161' title='bbox 917 1555 1135 1614; x_wconf 83' lang='lat' dir='ltr'>projectus</span> <span class='ocrx_word' id='word_1_162' title='bbox 1167 1568 1247 1598; x_wconf 89' lang='lat' dir='ltr'>est:</span> <span class='ocrx_word' id='word_1_163' title='bbox 1279 1555 1335 1596; x_wconf 86' lang='lat' dir='ltr'>ita</span> <span class='ocrx_word' id='word_1_164' title='bbox 1367 1567 1504 1612; x_wconf 81' lang='lat' dir='ltr'>potest</span> <span class='ocrx_word' id='word_1_165' title='bbox 1536 1555 1642 1604; x_wconf 82' lang='lat' dir='ltr'>fieri,</span> 
     </span>
     <span class='ocr_line' id='line_1_20' title="bbox 212 1634 1682 1696; baseline -0.008 -12"><span class='ocrx_word' id='word_1_166' title='bbox 212 1656 271 1692; x_wconf 83' lang='lat' dir='ltr'>ut,</span> <span class='ocrx_word' id='word_1_167' title='bbox 302 1642 346 1682; x_wconf 87' lang='lat' dir='ltr'>in</span> <span class='ocrx_word' id='word_1_168' title='bbox 379 1655 639 1696; x_wconf 85' lang='lat' dir='ltr'>quocunque</span> <span class='ocrx_word' id='word_1_169' title='bbox 668 1637 840 1689; x_wconf 83' lang='lat' dir='ltr'>statu7)</span> <span class='ocrx_word' id='word_1_170' title='bbox 870 1634 998 1676; x_wconf 85' lang='lat' dir='ltr'>suerit</span> <span class='ocrx_word' id='word_1_171' title='bbox 1030 1634 1182 1686; x_wconf 87' lang='lat' dir='ltr'>anima,</span> <span class='ocrx_word' id='word_1_172' title='bbox 1225 1646 1265 1675; x_wconf 87' lang='lat' dir='ltr'>et</span> <span class='ocrx_word' id='word_1_173' title='bbox 1303 1634 1347 1674; x_wconf 89' lang='lat' dir='ltr'>in</span> <span class='ocrx_word' id='word_1_174' title='bbox 1388 1650 1643 1689; x_wconf 88' lang='lat' dir='ltr'>quacunque</span> <span class='ocrx_word' id='word_1_175' title='bbox 1676 1652 1682 1662; x_wconf 66' lang='lat'>2</span> 
     </span>
     <span class='ocr_line' id='line_1_21' title="bbox 211 1711 1641 1778; baseline -0.007 -17"><span class='ocrx_word' id='word_1_176' title='bbox 211 1718 475 1778; x_wconf 85' lang='lat' dir='ltr'>perfectione</span> <span class='ocrx_word' id='word_1_177' title='bbox 503 1716 721 1763; x_wconf 76' lang='lat' dir='ltr'>virtutum,</span> <span class='ocrx_word' id='word_1_178' title='bbox 754 1712 957 1769; x_wconf 84' lang='lat' dir='ltr'>quoniam</span> <span class='ocrx_word' id='word_1_179' title='bbox 989 1711 1118 1753; x_wconf 85' lang='lat' dir='ltr'>virtus</span> <span class='ocrx_word' id='word_1_180' title='bbox 1148 1711 1363 1752; x_wconf 84' lang='lat' dir='ltr'>mutabilis</span> <span class='ocrx_word' id='word_1_181' title='bbox 1382 1722 1454 1760; x_wconf 90' lang='lat' dir='ltr'>est,</span> <span class='ocrx_word' id='word_1_182' title='bbox 1474 1711 1641 1766; x_wconf 89' lang='lat' dir='ltr'>lapsum</span> 
     </span>
     <span class='ocr_line' id='line_1_22' title="bbox 212 1788 1640 1856; baseline -0.008 -17"><span class='ocrx_word' id='word_1_183' title='bbox 212 1797 346 1856; x_wconf 86' lang='lat' dir='ltr'>possit</span> <span class='ocrx_word' id='word_1_184' title='bbox 374 1796 616 1841; x_wconf 84' lang='lat' dir='ltr'>incurrere,</span> <span class='ocrx_word' id='word_1_185' title='bbox 659 1803 729 1841; x_wconf 87' lang='lat' dir='ltr'>ut,</span> <span class='ocrx_word' id='word_1_186' title='bbox 772 1790 878 1831; x_wconf 86' lang='lat' dir='ltr'>sicut</span> <span class='ocrx_word' id='word_1_187' title='bbox 917 1806 939 1830; x_wconf 87' lang='lat' dir='ltr'>a</span> <span class='ocrx_word' id='word_1_188' title='bbox 980 1789 1086 1830; x_wconf 81' lang='lat' dir='ltr'>vitiis</span> <span class='ocrx_word' id='word_1_189' title='bbox 1118 1791 1172 1830; x_wconf 89' lang='lat' dir='ltr'>ad</span> <span class='ocrx_word' id='word_1_190' title='bbox 1202 1789 1423 1837; x_wconf 82' lang='lat' dir='ltr'>virtutem,</span> <span class='ocrx_word' id='word_1_191' title='bbox 1462 1788 1518 1828; x_wconf 81' lang='lat' dir='ltr'>ita</span> <span class='ocrx_word' id='word_1_192' title='bbox 1551 1799 1590 1828; x_wconf 75' lang='lat' dir='ltr'>et</span> <span class='ocrx_word' id='word_1_193' title='bbox 1619 1805 1640 1827; x_wconf 87' lang='lat' dir='ltr'>a</span> 
     </span>
     <span class='ocr_line' id='line_1_23' title="bbox 213 1865 1640 1920; baseline -0.009 -3"><span class='ocrx_word' id='word_1_194' title='bbox 213 1874 438 1917; x_wconf 85' lang='lat' dir='ltr'>virtutibus</span> <span class='ocrx_word' id='word_1_195' title='bbox 482 1869 711 1911; x_wconf 80' lang='lat' dir='ltr'>inclinetur</span> <span class='ocrx_word' id='word_1_196' title='bbox 750 1868 803 1907; x_wconf 88' lang='lat' dir='ltr'>ad</span> <span class='ocrx_word' id='word_1_197' title='bbox 844 1865 953 1907; x_wconf 81' lang='lat' dir='ltr'>vitia.</span> <span class='ocrx_word' id='word_1_198' title='bbox 1014 1865 1149 1920; x_wconf 83' lang='lat' dir='ltr'>Quod</span> <span class='ocrx_word' id='word_1_199' title='bbox 1191 1865 1223 1907; x_wconf 89' lang='lat' dir='ltr'>si</span> <span class='ocrx_word' id='word_1_200' title='bbox 1256 1876 1338 1914; x_wconf 87' lang='lat' dir='ltr'>est,</span> <span class='ocrx_word' id='word_1_201' title='bbox 1377 1880 1640 1919; x_wconf 87' lang='lat' dir='ltr'>consequens</span> 
     </span>
     <span class='ocr_line' id='line_1_24' title="bbox 211 1941 1638 2004; baseline -0.009 -9"><span class='ocrx_word' id='word_1_202' title='bbox 211 1952 437 2000; x_wconf 84' lang='lat' dir='ltr'>videbitur,</span> <span class='ocrx_word' id='word_1_203' title='bbox 461 1946 676 2004; x_wconf 78' lang='lat' dir='ltr'>requirere</span> <span class='ocrx_word' id='word_1_204' title='bbox 706 1944 934 1993; x_wconf 84' lang='lat' dir='ltr'>medicum,</span> <span class='ocrx_word' id='word_1_205' title='bbox 964 1943 1037 1984; x_wconf 83' lang='lat' dir='ltr'>ubi</span> <span class='ocrx_word' id='word_1_206' title='bbox 1068 1944 1250 1995; x_wconf 86' lang='lat' dir='ltr'>languor</span> <span class='ocrx_word' id='word_1_207' title='bbox 1272 1954 1344 1991; x_wconf 85' lang='lat' dir='ltr'>cst,</span> <span class='ocrx_word' id='word_1_208' title='bbox 1376 1941 1472 1997; x_wconf 83' lang='lat' dir='ltr'>quia</span> <span class='ocrx_word' id='word_1_209' title='bbox 1489 1959 1638 1983; x_wconf 59' lang='lat' dir='ltr'>secun&gt;</span> 
     </span>
     <span class='ocr_line' id='line_1_25' title="bbox 214 2020 1638 2079; baseline -0.009 -6"><span class='ocrx_word' id='word_1_210' title='bbox 214 2035 317 2073; x_wconf 88' lang='lat' dir='ltr'>dum</span> <span class='ocrx_word' id='word_1_211' title='bbox 349 2025 579 2072; x_wconf 77' lang='lat' dir='ltr'>salvatoris</span> <span class='ocrx_word' id='word_1_212' title='bbox 608 2022 799 2079; x_wconf 67' lang='lat' dir='ltr'>ipsius3)</span> <span class='ocrx_word' id='word_1_213' title='bbox 832 2038 979 2062; x_wconf 83' lang='lat' dir='ltr'>vocem</span> <span class='ocrx_word' id='word_1_214' title='bbox 1020 2039 1127 2077; x_wconf 87' lang='lat' dir='ltr'>opus</span> <span class='ocrx_word' id='word_1_215' title='bbox 1171 2033 1232 2062; x_wconf 88' lang='lat' dir='ltr'>est</span> <span class='ocrx_word' id='word_1_216' title='bbox 1261 2020 1429 2061; x_wconf 81' lang='lat' dir='ltr'>medico</span> <span class='ocrx_word' id='word_1_217' title='bbox 1460 2020 1537 2070; x_wconf 87' lang='lat' dir='ltr'>his,</span> <span class='ocrx_word' id='word_1_218' title='bbox 1568 2020 1638 2075; x_wconf 82' lang='lat' dir='ltr'>qui</span> 
     </span>
    </p>
   </div>
   <div class='ocr_carea' id='block_1_3' title="bbox 212 2097 1638 2155">
    <p class='ocr_par' dir='ltr' id='par_1_3' title="bbox 212 2097 1638 2155">
     <span class='ocr_line' id='line_1_26' title="bbox 212 2097 1638 2155; baseline -0.008 -4"><span class='ocrx_word' id='word_1_219' title='bbox 212 2110 324 2151; x_wconf 83' lang='lat' dir='ltr'>male</span> <span class='ocrx_word' id='word_1_220' title='bbox 367 2107 563 2148; x_wconf 81' lang='lat' dir='ltr'>habent.“</span> <span class='ocrx_word' id='word_1_221' title='bbox 641 2102 756 2142; x_wconf 81' lang='lat' dir='ltr'>Haec</span> <span class='ocrx_word' id='word_1_222' title='bbox 790 2117 888 2153; x_wconf 86' lang='lat' dir='ltr'>ergo</span> <span class='ocrx_word' id='word_1_223' title='bbox 940 2110 978 2139; x_wconf 90' lang='lat' dir='ltr'>et</span> <span class='ocrx_word' id='word_1_224' title='bbox 1027 2099 1089 2140; x_wconf 83' lang='lat' dir='ltr'>his</span> <span class='ocrx_word' id='word_1_225' title='bbox 1137 2097 1288 2140; x_wconf 83' lang='lat' dir='ltr'>similia</span> <span class='ocrx_word' id='word_1_226' title='bbox 1334 2110 1638 2155; x_wconf 85' lang='lat' dir='ltr'>proponentes,</span> 
     </span>
    </p>
   </div>
   <div class='ocr_carea' id='block_1_4' title="bbox 217 2249 446 2258">
    <p class='ocr_par' dir='ltr' id='par_1_4' title="bbox 217 2249 446 2258">
     <span class='ocr_line' id='line_1_27' title="bbox 217 2249 446 2258; baseline 0 853"><span class='ocrx_word' id='word_1_227' title='bbox 217 2249 446 2258; x_wconf 95' lang='lat' dir='ltr'> </span> 
     </span>
    </p>
   </div>
   <div class='ocr_carea' id='block_1_5' title="bbox 214 2339 1634 2871">
    <p class='ocr_par' dir='ltr' id='par_1_5' title="bbox 333 2339 921 2400">
     <span class='ocr_line' id='line_1_28' title="bbox 333 2339 921 2400; baseline -0.01 -15"><span class='ocrx_word' id='word_1_228' title='bbox 333 2345 376 2400; x_wconf 84' lang='lat'>¹)</span> <span class='ocrx_word' id='word_1_229' title='bbox 406 2344 517 2384; x_wconf 84' lang='lat' dir='ltr'><strong>Edd.</strong></span> <span class='ocrx_word' id='word_1_230' title='bbox 549 2341 747 2383; x_wconf 82' lang='lat' dir='ltr'>Merlini:</span> <span class='ocrx_word' id='word_1_231' title='bbox 780 2339 921 2396; x_wconf 85' lang='lat' dir='ltr'>aliqui.</span> 
     </span>
    </p>

    <p class='ocr_par' dir='ltr' id='par_1_6' title="bbox 329 2408 1387 2469">
     <span class='ocr_line' id='line_1_29' title="bbox 329 2408 1387 2469; baseline -0.007 -14"><span class='ocrx_word' id='word_1_232' title='bbox 329 2416 376 2469; x_wconf 74' lang='lat'>²)</span> <span class='ocrx_word' id='word_1_233' title='bbox 408 2415 488 2455; x_wconf 85' lang='lat' dir='ltr'>Ed.</span> <span class='ocrx_word' id='word_1_234' title='bbox 520 2414 580 2454; x_wconf 86' lang='lat' dir='ltr'>M.</span> <span class='ocrx_word' id='word_1_235' title='bbox 613 2414 676 2453; x_wconf 85' lang='lat' dir='ltr'>II:</span> <span class='ocrx_word' id='word_1_236' title='bbox 708 2429 785 2467; x_wconf 80' lang='lat' dir='ltr'>per</span> <span class='ocrx_word' id='word_1_237' title='bbox 815 2411 1089 2465; x_wconf 80' lang='lat' dir='ltr'>splendorem</span> <span class='ocrx_word' id='word_1_238' title='bbox 1121 2408 1280 2462; x_wconf 78' lang='lat' dir='ltr'>gloriae</span> <span class='ocrx_word' id='word_1_239' title='bbox 1312 2421 1387 2450; x_wconf 77' lang='lat' dir='ltr'>etc.</span> 
     </span>
    </p>

    <p class='ocr_par' dir='ltr' id='par_1_7' title="bbox 214 2479 1633 2588">
     <span class='ocr_line' id='line_1_30' title="bbox 332 2479 1633 2542; baseline -0.005 -17"><span class='ocrx_word' id='word_1_240' title='bbox 332 2488 377 2542; x_wconf 77' lang='lat'>³)</span> <span class='ocrx_word' id='word_1_241' title='bbox 411 2487 459 2525; x_wconf 87' lang='lat' dir='ltr'>In</span> <span class='ocrx_word' id='word_1_242' title='bbox 500 2483 620 2524; x_wconf 66' lang='lat' dir='ltr'>editis</span> <span class='ocrx_word' id='word_1_243' title='bbox 662 2483 722 2537; x_wconf 59' lang='grc' dir='ltr'><strong><em>(1.κ</em></strong></span> <span class='ocrx_word' id='word_1_244' title='bbox 766 2499 798 2522; x_wconf 83' lang='lat' dir='ltr'>c.</span> <span class='ocrx_word' id='word_1_245' title='bbox 832 2480 875 2520; x_wconf 90' lang='lat' dir='ltr'>in</span> <span class='ocrx_word' id='word_1_246' title='bbox 909 2481 1006 2521; x_wconf 73' lang='lat' dir='ltr'>edd.</span> <span class='ocrx_word' id='word_1_247' title='bbox 1040 2480 1124 2534; x_wconf 82' lang='lat' dir='ltr'>M.)</span> <span class='ocrx_word' id='word_1_248' title='bbox 1157 2479 1367 2520; x_wconf 83' lang='lat' dir='ltr'>omittitur</span> <span class='ocrx_word' id='word_1_249' title='bbox 1397 2484 1551 2529; x_wconf 82' lang='lat' dir='ltr'>„erat.“</span> <span class='ocrx_word' id='word_1_250' title='bbox 1586 2480 1633 2524; x_wconf 67' lang='lat' dir='ltr'>R,</span> 
     </span>
     <span class='ocr_line' id='line_1_31' title="bbox 214 2540 789 2588; baseline -0.012 -3"><span class='ocrx_word' id='word_1_251' title='bbox 214 2571 262 2578; x_wconf 89' lang='lat'>--</span> <span class='ocrx_word' id='word_1_252' title='bbox 299 2544 386 2584; x_wconf 75' lang='lat' dir='ltr'>Cfr.</span> <span class='ocrx_word' id='word_1_253' title='bbox 419 2540 544 2582; x_wconf 82' lang='lat' dir='ltr'>Jesai.</span> <span class='ocrx_word' id='word_1_254' title='bbox 575 2541 693 2588; x_wconf 85' lang='lat' dir='ltr'>XIV,</span> <span class='ocrx_word' id='word_1_255' title='bbox 728 2541 789 2583; x_wconf 74' lang='lat'>12.</span> 
     </span>
    </p>

    <p class='ocr_par' dir='ltr' id='par_1_8' title="bbox 331 2608 1029 2665">
     <span class='ocr_line' id='line_1_32' title="bbox 331 2608 1029 2665; baseline -0.009 -12"><span class='ocrx_word' id='word_1_256' title='bbox 331 2613 377 2665; x_wconf 68' lang='grc'>4)</span> <span class='ocrx_word' id='word_1_257' title='bbox 408 2612 562 2652; x_wconf 70' lang='lat' dir='ltr'>Ezecln.</span> <span class='ocrx_word' id='word_1_258' title='bbox 594 2609 799 2657; x_wconf 81' lang='lat' dir='ltr'>XXVIII,</span> <span class='ocrx_word' id='word_1_259' title='bbox 837 2608 883 2648; x_wconf 79' lang='lat'>14</span> <span class='ocrx_word' id='word_1_260' title='bbox 903 2609 1029 2651; x_wconf 73' lang='lat'><strong>-18.</strong></span> 
     </span>
    </p>

    <p class='ocr_par' dir='ltr' id='par_1_9' title="bbox 334 2677 1122 2732">
     <span class='ocr_line' id='line_1_33' title="bbox 334 2677 1122 2732; baseline -0.009 -9"><span class='ocrx_word' id='word_1_261' title='bbox 334 2684 377 2732; x_wconf 58' lang='lat'>³)</span> <span class='ocrx_word' id='word_1_262' title='bbox 408 2681 687 2722; x_wconf 73' lang='lat' dir='ltr'>Desideratur</span> <span class='ocrx_word' id='word_1_263' title='bbox 717 2683 830 2728; x_wconf 76' lang='lat' dir='ltr'>„cst“</span> <span class='ocrx_word' id='word_1_264' title='bbox 861 2677 901 2717; x_wconf 86' lang='lat' dir='ltr'>in</span> <span class='ocrx_word' id='word_1_265' title='bbox 937 2679 1031 2717; x_wconf 75' lang='lat' dir='ltr'>edd.</span> <span class='ocrx_word' id='word_1_266' title='bbox 1066 2677 1122 2718; x_wconf 81' lang='grc' dir='ltr'>Μ.</span> 
     </span>
    </p>

    <p class='ocr_par' dir='ltr' id='par_1_10' title="bbox 333 2746 1634 2802">
     <span class='ocr_line' id='line_1_34' title="bbox 333 2746 1634 2802; baseline -0.005 -10"><span class='ocrx_word' id='word_1_267' title='bbox 333 2756 377 2798; x_wconf 6' lang='grc' dir='ltr'>6ζ)</span> <span class='ocrx_word' id='word_1_268' title='bbox 410 2752 519 2792; x_wconf 78' lang='lat' dir='ltr'>Edd.</span> <span class='ocrx_word' id='word_1_269' title='bbox 541 2749 734 2791; x_wconf 77' lang='lat' dir='ltr'>Merlini:</span> <span class='ocrx_word' id='word_1_270' title='bbox 769 2748 851 2789; x_wconf 85' lang='lat' dir='ltr'>ulla</span> <span class='ocrx_word' id='word_1_271' title='bbox 879 2749 1008 2788; x_wconf 79' lang='lat' dir='ltr'>arbor</span> <span class='ocrx_word' id='word_1_272' title='bbox 1035 2747 1077 2787; x_wconf 83' lang='lat' dir='ltr'>in</span> <span class='ocrx_word' id='word_1_273' title='bbox 1099 2747 1295 2802; x_wconf 85' lang='lat' dir='ltr'>paradiso</span> <span class='ocrx_word' id='word_1_274' title='bbox 1320 2746 1399 2787; x_wconf 78' lang='lat' dir='ltr'>Dei</span> <span class='ocrx_word' id='word_1_275' title='bbox 1423 2746 1634 2787; x_wconf 43' lang='lat' dir='ltr'>virtutum‘</span> 
     </span>
    </p>

    <p class='ocr_par' dir='ltr' id='par_1_11' title="bbox 334 2817 1233 2871">
     <span class='ocr_line' id='line_1_35' title="bbox 334 2817 1233 2871; baseline -0.007 -7"><span class='ocrx_word' id='word_1_276' title='bbox 334 2826 376 2871; x_wconf 66' lang='lat'>³)</span> <span class='ocrx_word' id='word_1_277' title='bbox 409 2824 519 2863; x_wconf 79' lang='lat' dir='ltr'>Edd.</span> <span class='ocrx_word' id='word_1_278' title='bbox 553 2819 745 2861; x_wconf 82' lang='lat' dir='ltr'>Merlini:</span> <span class='ocrx_word' id='word_1_279' title='bbox 782 2818 907 2859; x_wconf 78' lang='lat' dir='ltr'>suerit</span> <span class='ocrx_word' id='word_1_280' title='bbox 939 2829 1046 2859; x_wconf 74' lang='lat' dir='ltr'>statu</span> <span class='ocrx_word' id='word_1_281' title='bbox 1079 2817 1233 2858; x_wconf 80' lang='lat' dir='ltr'>anima.</span> 
     </span>
    </p>
   </div>
   <div class='ocr_carea' id='block_1_6' title="bbox 332 2887 1632 2946">
    <p class='ocr_par' dir='ltr' id='par_1_12' title="bbox 332 2887 1632 2946">
     <span class='ocr_line' id='line_1_36' title="bbox 332 2887 1632 2946; baseline -0.005 -14"><span class='ocrx_word' id='word_1_282' title='bbox 332 2894 378 2942; x_wconf 40' lang='grc' dir='ltr'>Υ)</span> <span class='ocrx_word' id='word_1_283' title='bbox 416 2894 539 2933; x_wconf 75' lang='lat' dir='ltr'>Deest</span> <span class='ocrx_word' id='word_1_284' title='bbox 572 2890 751 2946; x_wconf 81' lang='lat' dir='ltr'>„ipsius“</span> <span class='ocrx_word' id='word_1_285' title='bbox 784 2890 824 2930; x_wconf 86' lang='lat' dir='ltr'>in</span> <span class='ocrx_word' id='word_1_286' title='bbox 858 2891 953 2932; x_wconf 81' lang='lat' dir='ltr'>cdd.</span> <span class='ocrx_word' id='word_1_287' title='bbox 991 2890 1045 2930; x_wconf 83' lang='lat' dir='ltr'>M.</span> <span class='ocrx_word' id='word_1_288' title='bbox 1084 2915 1131 2921; x_wconf 89' lang='lat'>-—</span> <span class='ocrx_word' id='word_1_289' title='bbox 1167 2888 1253 2929; x_wconf 78' lang='lat' dir='ltr'>Csr.</span> <span class='ocrx_word' id='word_1_290' title='bbox 1280 2888 1433 2930; x_wconf 70' lang='lat' dir='ltr'>Matth.</span> <span class='ocrx_word' id='word_1_291' title='bbox 1464 2887 1538 2935; x_wconf 83' lang='lat' dir='ltr'>IX,</span> <span class='ocrx_word' id='word_1_292' title='bbox 1572 2887 1632 2928; x_wconf 68' lang='lat'>1⁸2.</span> 
     </span>
    </p>
   </div>
  </div>
 </body>
</html>
