1788 3111
257 136 343 182 208
596 133 820 176 Omenms
847 145 895 175 m
925 133 1005 177 ΕΡ.
1036 145 1096 177 An
1129 134 1354 179 ROMANos

257 249 452 290 tudinem
483 246 642 304 dieit¹)
671 247 984 305 propitiatorii,
1017 260 1058 290 et
1087 266 1223 289 unum
1253 265 1301 290 ac
1334 247 1558 291 dimidium
1587 249 1684 292 lati-

255 327 464 369 tudinem.
525 326 659 381 Quod
699 326 732 368 si
769 325 986 382 audere2)
1024 326 1131 381 in3)
1171 325 1327 367 talibus
1357 328 1419 368 fas
1451 339 1531 378 est,
1573 345 1683 384 quo—

255 406 373 447 niam
405 403 506 446 dicit
534 404 650 445 idem
689 404 923 460 Apostolus
956 405 1009 445 de
1042 403 1237 455 Christo,
1282 405 1401 460 quod
1439 405 1549 455 „Dei
1564 405 1610 462 4)
1641 417 1684 447 et

253 481 481 524 hominum
509 480 722 523 mediator
752 486 851 531 est,“
881 480 1049 522 videtur
1077 480 1182 521 mihi
1211 480 1324 521 inter
1353 482 1496 522 Deum
1529 494 1570 523 et
1599 484 1680 525 ho-

253 560 413 601 minem
442 559 582 601 media
612 560 716 600 haec
747 575 835 600 esse
865 558 1026 608 anima,
1068 574 1176 614 quae
1216 557 1395 599 inferior
1426 558 1599 615 quidem
1629 559 1681 600 sit

252 655 276 679 a
304 637 501 679 trinitatis
529 649 694 687 natura,
723 636 863 678 minus
892 636 1055 692 aliquid
1084 637 1258 688 habens,
1289 653 1368 678 nec
1394 648 1550 687 tamen,
1582 652 1679 677 cum

251 715 352 757 inde
381 715 490 756 infra
521 714 584 765 sit,
616 714 733 756 duali
764 731 961 765 numero,
994 714 1066 770 qui
1084 713 1128 771 ⁵)
1159 714 1204 754 in
1235 731 1417 770 corpore
1432 714 1581 770 positis
1600 715 1675 755 de-

249 804 436 849 putatur,
468 793 629 848 absque
645 792 690 847 ⁶)
725 791 873 833 eximia
905 803 944 833 et
973 791 1247 847 praecellenti
1267 791 1471 832 virtutum
1501 808 1674 833 suarum

252 869 480 912 eminentia
508 869 746 911 misceatur.
804 870 900 911 Hoc
932 869 1045 910 enim
1069 869 1318 919 ostenditur,
1352 869 1470 924 quod
1500 884 1672 909 mensu-

247 965 294 990 ra
326 947 415 1006 ejus
445 947 632 1004 supr-⁴1⁷)
679 948 787 988 duos
818 946 984 987 cubitos
1024 948 1182 988 habere
1211 945 1375 1002 aliquid
1417 945 1672 999 designatur,

246 1026 346 1067 licet
374 1025 515 1066 minus
545 1024 693 1066 tribus.
752 1025 839 1066 Sed
877 1036 918 1065 et
961 1024 1080 1079 quod.
1117 1023 1297 1065 latitudo
1346 1022 1433 1081 ejus
1464 1041 1600 1064 unum
1631 1034 1672 1064 et

247 1103 473 1145 dimidium
502 1113 766 1143 memoratur
784 1101 830 1157 8)
860 1100 1111 1157 cubitum9)
1153 1102 1323 1151 habere,
1342 1100 1412 1157 ¹⁰)
1442 1113 1671 1157 propterea

247 1180 421 1237 quidem
452 1180 593 1235 de¹¹)
622 1180 809 1220 monade
839 1196 886 1219 ac
917 1177 1119 1230 singulari
1149 1196 1222 1219 sua
1253 1178 1433 1220 statIOne
1465 1177 1667 1219 describi—-

243 1270 340 1308 tur,
388 1274 480 1298 non
518 1269 661 1298 tamen
680 1272 727 1296 ex
757 1266 850 1296 toto
881 1255 926 1295 in
958 1255 1127 1296 dualem
1152 1272 1400 1305 numerum,
1432 1254 1665 1310 quiinter-

245 1337 350 1376 dum
381 1334 505 1375 etiam
546 1350 627 1389 pro
659 1332 890 1373 immundis
920 1331 1116 1388 ponitur,
1155 1332 1431 1388 crevisse.¹²)
1463 1332 1666 1386 Quamvis

243 1412 357 1455 enim
390 1428 561 1454 carnem
598 1423 777 1453 naturae
814 1421 986 1452 nostrae
1025 1409 1268 1466 susceperit,
1287 1409 1360 1466 ¹3)
1391 1426 1439 1451 ex
1468 1409 1664 1452 inconta-

356 1574 400 1631 Ῑ)
431 1575 567 1616 Exod.
599 1574 740 1623 XXV,
769 1573 837 1615 17.

354 1645 401 1699 2)
432 1646 544 1686 Edd.
574 1643 771 1686 NIerlini:
803 1643 962 1686 audire.

356 1715 402 1770 3)
433 1715 514 1757 Ed.
548 1716 609 1756 M.
640 1715 677 1754 I:
709 1713 753 1754 in
783 1713 937 1755 tabulis
967 1714 1072 1770 phas
1105 1725 1177 1755 est.

352 1783 399 1842 4)
429 1787 450 1826 I
480 1785 589 1826 Tim.
620 1785 675 1834 II,
706 1786 744 1827 5.

353 1855 398 1911 5)
430 1854 499 1898 Sic
530 1855 732 1897 Erasmus
777 1865 818 1895 et
849 1854 1151 1897 Genebrardus
1183 1855 1350 1912 (itemq.
1382 1856 1444 1897 ed.
1472 1856 1534 1897 M.
1564 1855 1661 1912 II.);

236 1925 277 1954 et
307 1925 418 1954 recte
451 1911 635 1968 quidem.
698 1910 864 1952 Caeteri
901 1928 999 1952 vero
1045 1912 1146 1953 editi
1175 1914 1233 1969 (e.
1265 1930 1298 1953 c,
1331 1914 1395 1953 ed.
1427 1913 1487 1954 M.
1519 1912 1588 1969 l),
1621 1925 1662 1953 et

234 1971 338 2012 Rlss.
367 1969 503 2010 nostri
533 1984 701 2009 omnes:
731 1968 834 2024 „qui
862 1967 907 2008 in
925 1984 1106 2023 corpore
1128 1970 1291 2025 positus
1311 1970 1577 2025 deputatur.“
1607 1970 1658 2011 R.

352 2040 397 2097 ⁶)
429 2041 535 2081 lVIsc.
563 2055 696 2080 unus:
728 2056 835 2095 „pro
869 2039 1045 2080 eximia“
1072 2052 1148 2082 etc.
1178 2042 1231 2082 R.

351 2113 394 2166 7)
428 2112 539 2153 Edd.
568 2110 767 2153 Merlini:
813 2127 940 2168 supra
971 2111 1080 2152 duos
1112 2110 1277 2153 cubitos
1309 2111 1466 2153 habere
1496 2109 1658 2167 aliquid

234 2167 476 2222 designavit,
506 2167 605 2208 licet
635 2179 712 2208 etc.

349 2240 397 2294 ⁸)
426 2239 565 2281 Exod.
595 2238 737 2288 XXV,
769 2238 834 2282 17.

349 2309 394 2365 ⁹)
426 2309 493 2349 Al.
525 2308 745 2358 „cubitum
776 2309 934 2350 habere
975 2326 997 2350 a
1027 2311 1262 2366 propheta,
1300 2322 1526 2366 propterea
1559 2307 1651 2364 qui—

232 2368 358 2406 dem“
387 2365 463 2421 (al.
497 2364 697 2405 cubicum
724 2364 913 2417 habere,
946 2366 1202 2422 prophetia
1222 2367 1429 2424 quidem)
1459 2367 1539 2416 „de
1554 2382 1650 2405 mo-

229 2424 352 2472 nade,
394 2439 441 2463 ac
478 2420 680 2473 singulari
719 2439 793 2462 sua
831 2422 1038 2463 statione“
1078 2424 1154 2478 (al.
1196 2421 1450 2479 singularis
1491 2433 1649 2462 vasta-

229 2480 377 2530 tione,
410 2479 460 2518 al.
493 2477 730 2533 singulare
771 2478 884 2534 quial
913 2480 1115 2526 vastius)
1146 2479 1465 2529 ‚‚describitur.“
1513 2479 1563 2519 R.
1597 2503 1649 2510 —·

318 2548 391 2604 ¹⁰)
422 2549 501 2590 Ed.
530 2548 592 2589 M.
624 2549 688 2589 II:
720 2549 888 2590 habere.
945 2549 1179 2604 Propterea
1211 2549 1383 2605 quidem
1415 2561 1491 2591 etc.

325 2619 395 2672 Η)
426 2618 537 2659 Edd.
569 2618 763 2659 Merlini:
798 2620 850 2659 de
881 2621 1066 2660 monade
1106 2621 1182 2660 hac
1212 2619 1411 2672 singulari
1443 2619 1546 2675 quid
1577 2635 1647 2660 va—

226 2676 328 2718 stius
360 2674 623 2716 describitur.
656 2700 707 2706 —
743 2676 828 2716 Csr.
860 2692 901 2730 p.
933 2676 1020 2733 huj.
1051 2688 1139 2717 not.
1170 2677 1210 2718 9.

254 2802 263 2811 .
316 2745 386 2800 ¹2)
400 2746 518 2843 l{Wsffl
546 2745 682 2788 nostri
713 2763 859 2788 omues
890 2764 1114 2803 perperam
1133 2747 1400 2798 ‚,'corruisse“
1418 2763 1498 2804 pro
1530 2763 1647 2800 „cre-

224 2808 369 2845 visse.“
437 2834 453 2843 ,.

315 2872 386 2929 ¹³)
416 2872 528 2915 Edd.
558 2873 752 2917 Merlini:
783 2874 1021 2932 susciperet.
