1788 3111
189 99 274 143 152
526 95 749 141 Omtfflms
778 109 827 142 m
854 97 935 140 ΕΡ.
966 106 1026 141 An
1056 97 1282 141 ROMANos

127 230 130 231 ⁷
189 212 242 255 sit
270 211 474 254 mendax:
504 210 690 269 quia‚¹)
731 211 891 254 etiamsi
929 211 1022 268 quis
1060 211 1193 269 justus
1235 222 1315 262 est,
1353 227 1521 254 necesse
1560 223 1619 254 est

191 301 358 339 tamen,
387 300 435 331 ut
462 288 510 330 in
539 288 684 345 aliquo
716 305 740 330 a
768 288 940 331 veritate
971 288 1160 338 decidat,
1189 304 1319 344 quam
1346 290 1393 330 in
1421 289 1619 331 omnibus

193 382 361 409 servare
410 366 624 408 humanae
663 377 844 408 naturae
880 381 1019 420 paene
1064 364 1330 421 impossibile
1369 377 1438 407 est.
1504 365 1620 421 Quia

195 459 296 495 ergo
331 444 470 485 omnis
499 444 636 485 homo
666 443 852 485 mendax
874 454 945 493 est,
973 455 1205 499 propterea
1225 442 1493 484 ,Iudaeorum
1525 443 1621 499 qui-

196 522 296 562 dam
327 531 375 561 ut
403 521 600 562 homines
629 520 858 561 mendaces
896 536 990 560 non
1027 519 1312 561 crediderunt.
1370 519 1483 561 Nam
1520 519 1619 576 quia

197 596 337 639 omnis
366 597 500 639 homo
534 599 717 639 mendax
749 608 827 646 est,
856 597 1093 638 necessario
1123 597 1169 638 in
1201 595 1269 638 die
1297 597 1398 647 illo,
1437 613 1535 638 cum
1566 597 1623 637 ad

193 672 405 731 judicium
447 674 609 716 venerit
647 673 864 715 Dominus
915 691 1013 715 cum
1058 673 1327 724 hominibus,
1374 676 1490 717 solus
1532 675 1622 730 ipse

192 748 494 808 justificabitur
522 750 567 791 in
598 750 735 792 verbis
764 749 859 792 suis.
907 750 1042 807 Ipsius
1066 750 1179 791 enim
1209 752 1339 792 verba.
1357 751 1402 792 in
1422 751 1622 794 omnibus

193 844 313 878 vera,
353 828 453 883 quia
493 829 623 869 verba
662 838 762 869 sunt
799 827 992 869 veritatis.
1064 827 1198 882 Quod
1235 839 1376 869 autem
1406 828 1624 870 Dominus

196 908 248 948 ad
281 904 493 962 judicium
523 904 664 946 veniat
695 922 792 946 cum
823 904 1091 956 hominibus,
1121 906 1336 964 propheta
1367 906 1491 948 dicit:
1527 921 1625 956 „ve-

193 981 358 1037 nite,²)
391 994 430 1023 et
461 980 770 1040 dijudicemur,
802 981 904 1024 dicit
932 982 1204 1024 Dominus:“
1235 995 1294 1024 et:
1324 982 1499 1039 ‚‚ipse³)
1527 982 1624 1023 Do-

194 1059 337 1101 minus
377 1061 431 1101 ad
468 1058 680 1116 judicium
717 1057 855 1099 veniet
897 1076 992 1100 cum
1038 1059 1278 1102 senioribus
1323 1059 1538 1116 populi:“
1586 1070 1626 1100 et

195 1137 373 1178 iterum:
402 1147 648 1187 „memento
664 1134 710 1189 ἀ)
741 1146 801 1185 tu,
833 1147 872 1176 et
903 1134 1217 1192 judicemur,⁵)
1250 1136 1350 1177 dicit
1370 1135 1626 1178 Dominus.“

195 1213 317 1254 Haec
353 1225 496 1254 autem
534 1212 772 1254 introduxit
810 1213 1067 1267 Apostolus,
1119 1214 1346 1254 observans
1381 1213 1499 1253 illam
1545 1214 1626 1253 ob-

194 1289 452 1346 jectionem,
484 1305 612 1345 quam
644 1288 725 1330 sibi
753 1289 798 1330 in
829 1289 913 1330 alio
944 1289 1045 1330 loco
1076 1289 1307 1345 proponit,
1334 1289 1410 1332 uhi
1426 1288 1471 1344 6)
1503 1288 1626 1330 dicit:

195 1367 257 1418 „si
274 1366 319 1422 ⁷)
359 1378 499 1408 autem
538 1364 742 1423 injustitia
777 1377 925 1408 nostra
960 1363 1160 1422 justitiam
1191 1365 1276 1407 Dei
1313 1367 1628 1408 commendat.“

195 1445 268 1486 De
299 1460 402 1500 qua,
442 1459 539 1484 cum
571 1444 625 1484 ad
662 1444 809 1484 locum
841 1440 930 1499 ejus
962 1454 1135 1484 ventum
1167 1443 1313 1493 suerit,
1351 1443 1628 1499 requiremus.

194 1522 326 1563 Nunc
362 1535 461 1572 ergo
492 1519 724 1569 videamus,
756 1519 861 1575 quid
896 1530 966 1569 est,
998 1521 1117 1575 quod
1139 1519 1262 1562 dicit:
1294 1519 1455 1576 ,‚fiat3)
1485 1531 1627 1562 autem

196 1599 318 1641 Deus
349 1614 495 1646 verax,
527 1597 665 1638 omnis
708 1607 849 1637 autem
880 1595 1016 1638 homo
1047 1598 1277 1638 mendax.“
1343 1598 1406 1638 Ita
1439 1597 1552 1639 enim
1580 1597 1627 1638 in

199 1674 358 1728 graecis
398 1674 709 1731 exemplaribus
739 1673 934 1714 habetur.
991 1674 1103 1715 Nam
1143 1673 1280 1714 Latini
1320 1673 1501 1729 „sit“⁹>
1542 1691 1624 1730 pro

198 1754 323 1802 ,‚fiat“
351 1752 508 1804 legunt.
570 1750 716 1791 Primo
752 1764 851 1801 ergo
882 1750 968 1791 hoc
1005 1751 1226 1791 sciendum
1260 1762 1338 1799 est,
1378 1751 1476 1806 quia
1507 1753 1627 1807 quod

201 1828 305 1870 dixit
327 1830 466 1878 „fiat“,
494 1843 586 1868 non
616 1825 870 1883 imperativo
892 1828 1028 1869 modo
1050 1827 1162 1869 dicit.
1210 1827 1396 1868 Stultum
1422 1839 1481 1868 est
1499 1828 1628 1878 enim,

197 1905 233 1948 si
274 1916 469 1961 putetur,
507 1903 812 1960 imperandum
854 1920 941 1946 esse
981 1904 1100 1954 Deo,
1140 1915 1186 1945 ut
1227 1920 1350 1945 verax
1388 1906 1471 1947 fiat.
1540 1905 1628 1946 Sed

199 1981 333 2038 ut¹⁰)
372 1981 572 2023 dicimus:
612 1980 809 2036 ,‚fiat¹¹)
840 1980 1035 2024 voluntas
1058 1992 1152 2031 tua,
1188 1980 1297 2023 sicut
1323 1981 1370 2023 in
1400 1983 1548 2033 coelo,
1590 1993 1631 2024 et

321 2164 365 2220 1)
393 2163 509 2205 Editi
540 2164 599 2219 (e.
633 2182 666 2206 c.
700 2166 795 2206 edd.
825 2163 934 2220 M.>:
977 2163 1089 2220 „qui
1119 2162 1241 2204 ctiam
1274 2163 1308 2205 si
1339 2163 1441 2219 quid
1472 2175 1629 2218 Justum

202 2226 300 2262 estf‘
348 2221 493 2262 Codex
518 2221 812 2263 Ebroicensis:
844 2222 944 2278 „qui
976 2221 1100 2261 etiam
1133 2220 1167 2261 si
1186 2220 1303 2274 quid,
1334 2221 1452 2275 quod
1474 2219 1626 2275 justum

202 2289 273 2327 esf,
303 2278 395 2330 agit.
400 2283 423 2301 “
471 2277 555 2318 Sed
588 2279 744 2319 melior
767 2279 934 2319 videtur
954 2277 1080 2319 lectio
1105 2288 1372 2318 caeterorum
1396 2276 1630 2317 Codicum:

201 2334 328 2389 „quia
360 2333 484 2374 etiam
514 2334 549 2376 si
581 2335 672 2390 quis
702 2333 831 2390 justus
864 2345 933 2376 est
939 2339 962 2358 ‘²
994 2333 1046 2374 R.

317 2402 363 2458 2)
395 2404 477 2445 Jes.
509 2404 541 2453 I,
571 2404 636 2447 18.
757 2404 804 2460 3)
834 2404 959 2446 Jesai.
988 2403 1066 2451 Ill,
1091 2403 1155 2444 14.

320 2471 366 2527 ⁴)
396 2472 521 2515 Jcsai.
552 2473 707 2525 XLIII,
734 2475 801 2517 26.
931 2474 976 2528 5)
1006 2473 1117 2514 Edd.
1150 2470 1347 2513 Mcrlini:
1378 2469 1629 2527 judicemus.

319 2542 366 2599 6)
398 2542 512 2585 Alias
532 2545 591 2599 (v.
615 2544 709 2585 c.in
731 2545 825 2585 edd.
844 2543 950 2599 M.):
984 2541 1158 2583 ibidem
1181 2559 1283 2598 pro:
1315 2540 1395 2584 ubi
1421 2539 1548 2583 dicit.
1581 2541 1615 2583 R

323 2613 367 2667 ⁷)
398 2612 525 2654 Rom.
557 2613 631 2664 ΙΙΙ,
661 2613 701 2655 5.
819 2612 866 2669 ⁸)
896 2612 1021 2655 Rom.
1053 2612 1126 2662 III,
1155 2613 1194 2654 4.

322 2683 368 2736 9)
400 2682 510 2725 Edd.
542 2683 737 2726 Merlini:
770 2685 827 2725 fit.

300 2752 370 2807 ¹⁰)
401 2753 511 2796 Edd.
541 2753 739 2795 Merlini:
771 2766 815 2796 ut
847 2770 946 2797 cum
977 2752 1166 2796 (ficimus.

296 2823 368 2878 ¹¹)
399 2823 550 2867 Matth.
581 2825 653 2876 VJ,
684 2825 749 2868 10.
