1788 3111
201 96 287 140 362
539 93 761 135 Omossms
791 104 837 134 m
867 91 945 133 Ep,
976 102 1035 133 An
1066 91 1299 134 ROMANos-

203 208 383 256 mittere,
413 206 489 248 sed
517 205 747 259 gladium.“
816 204 1002 247 Tamdiu
1041 221 1142 247 vero
1174 205 1455 262 pugnandum
1486 217 1547 247 est
1575 207 1629 247 ab

203 286 280 336 his,
313 284 387 341 qui
417 300 593 337 regnare
623 284 775 325 volunt
805 283 850 324 in
881 282 961 324 vita
991 299 1070 340 per
1101 284 1250 324 Jesum
1283 282 1521 333 Christum,
1550 285 1630 324 do-

202 381 282 405 nec
311 361 591 413 „novissimus
612 361 654 417 ¹)
684 360 880 402 inimicus
913 361 1154 403 destruatur
1182 365 1339 402 mors-“
1389 361 1477 403 Sed
1508 372 1548 403 et
1578 362 1632 402 de

203 440 466 483 abundantia
498 439 653 493 gratiae
684 450 725 480 et
759 439 804 494 ²)
836 440 954 479 dono
976 437 1158 496 justitiae
1176 437 1397 479 sciendum
1427 450 1501 487 est,
1533 437 1632 494 quia

203 521 259 561 ad
288 518 401 561 istud
431 534 634 570 regnum,
677 516 796 572 quod
835 515 1015 556 diximus
1054 515 1300 571 praeparari
1338 532 1417 572 per
1454 516 1632 566 bellum,

202 614 294 638 non
324 596 438 637 venit
467 594 632 651 aliquis,
668 594 742 650 qui
771 610 903 634 unam
933 592 1108 646 gratiam
1139 593 1280 634 solum
1295 592 1341 648 3)
1382 605 1633 635 consecutus

203 687 278 724 est,
313 675 396 715 hoc
427 686 500 722 est,
533 672 606 728 qui
635 672 680 712 in
709 688 799 713 uno
816 670 962 726 aliquo
984 686 1113 726 opere
1131 669 1361 726 placuerit;
1391 671 1466 712 sed
1495 671 1631 711 abun-

203 752 347 794 dantia
379 751 534 805 gratiae
565 751 618 790 ab
636 748 681 804 4)
714 765 764 790 eo
796 747 1038 804 requiritur,
1068 748 1305 789 secundum
1328 765 1439 798 eum,
1471 747 1544 804 qui
1569 747 1632 789 di-

203 828 279 871 cit:
312 826 687 880 ‚,abuudantius'⁵)
721 837 862 867 autem
894 842 1021 881 quam
1043 841 1190 866 omnes
1220 824 1284 865 illi
1300 825 1512 866 laboravi:
1543 842 1636 867 non

202 919 344 948 autem
376 923 468 959 ego,
499 906 573 947 sed
603 903 732 957 gratia
775 903 858 944 Dei
900 908 1109 962 meeumff‘
1176 902 1400 959 Similiass)
1442 920 1637 960 quaeque

203 985 330 1027 etiam
358 983 504 1040 his‚⁷)
537 999 644 1039 quos
675 981 854 1030 imbuit,
881 991 1100 1037 precatur,
1132 996 1230 1020 cum
1260 978 1383 1020 dicit:
1416 979 1574 1034 „gratia
1589 978 1636 1034 ⁸)

203 1063 324 1106 vobis
357 1074 398 1104 et
427 1079 508 1118 pax
537 1059 887 1115 multiplicetur.“
945 1057 1261 1113 B'Iultiplicatur
1303 1074 1401 1110 ergo
1433 1055 1564 1110 gratia
1595 1066 1637 1096 et

203 1142 407 1190 abundat,
438 1139 472 1180 si
502 1150 543 1180 et
573 1153 713 1178 sermo
744 1146 891 1176 noster
919 1150 1087 1190 semper
1116 1134 1161 1174 in
1191 1134 1322 1186 gratia
1338 1135 1423 1174 sale
1449 1133 1502 1174 sit
1531 1150 1635 1175 con-

204 1219 329 1268 ditus,
361 1229 403 1258 et
433 1233 540 1272 opus
571 1226 768 1255 nostrum
799 1230 898 1254 cum
928 1211 1057 1265 gratIa
1088 1211 1337 1252 humilitatis
1369 1222 1409 1252 et
1433 1210 1635 1266 simplici-

204 1295 299 1338 tatis
330 1295 415 1344 fiat,
448 1304 489 1334 et
520 1291 677 1342 omnia,
709 1307 817 1347 quae
849 1289 1023 1344 agimus,
1056 1290 1110 1330 ad
1141 1288 1322 1342 gloriam
1339 1288 1425 1330 Dei
1456 1305 1639 1341 agamus.

204 1373 410 1417 Similiter
441 1370 567 1413 etiam
599 1371 652 1411 de
677 1371 794 1411 dono
826 1367 1008 1427 justitiae
1038 1366 1335 1423 accipiendum
1367 1366 1501 1422 est.⁹)
1559 1364 1636 1406 Ni-

203 1451 264 1492 hil
296 1450 409 1492 enim
439 1449 530 1491 sine
559 1446 719 1505 justitian
749 1463 872 1500 agere
905 1447 1033 1487 debet
1065 1444 1137 1501 qui
1167 1442 1420 1502 justificatur
1457 1459 1480 1484 a
1514 1441 1636 1483 Chri-

203 1542 284 1579 sto,
314 1528 552 1570 secundum
583 1543 704 1575 eum,
737 1523 810 1580 qui
841 1523 966 1566 dicit:
997 1521 1242 1577 ‚‚beati,¹⁰)
1289 1520 1362 1577 qui
1393 1518 1640 1562 custodiunt

204 1607 425 1666 judicium,
447 1617 488 1646 et
508 1603 670 1646 faciunt
688 1601 891 1660 justifiam
921 1600 967 1642 in
999 1599 1117 1642 omni
1146 1611 1343 1655 tempore
1359 1604 1396 1640 :“
1428 1608 1469 1638 et
1488 1612 1639 1638 seeun-

205 1689 310 1728 dum
342 1683 461 1740 quod
505 1679 722 1737 Sapientia
761 1678 1034 1735 pronuntiat,
1077 1677 1241 1726 dicens,
1285 1675 1384 1732 quia
1407 1675 1415 1698 ¹
1435 1673 1477 1730 ¹)
1510 1684 1578 1725 „et
1606 1671 1639 1713 si

204 1764 418 1820 perfectus
460 1759 514 1800 sit
556 1757 647 1814 quis
688 1757 733 1798 in
773 1756 870 1797 filiis
912 1755 1159 1805 hominum,
1191 1753 1225 1795 si
1253 1771 1344 1794 non
1374 1751 1482 1792 adsit
1514 1749 1641 1804 eim)

206 1839 366 1898 justitia
397 1855 418 1879 a
459 1837 580 1886 Deo,
618 1835 664 1876 in
700 1833 885 1875 nihilum
931 1831 1258 1889 reputabitur:“
1305 1842 1345 1871 et
1383 1831 1466 1870 hoc
1504 1827 1639 1868 modo

207 1917 281 1974 qui
299 1916 371 1972 13)
401 1913 632 1956 habuerint
662 1911 970 1953 abundantiam
993 1909 1150 1964 gratiae
1181 1920 1222 1950 et
1253 1909 1417 1949 donum
1448 1903 1641 1964 justitiae,

204 1997 249 2038 in
280 1995 364 2037 vita
394 1993 634 2046 regnabunt
663 2007 740 2046 per
770 2007 906 2030 unum
936 1991 1085 2030 Jcsum
1119 1986 1351 2029 Christum.

326 2115 369 2168 ¹)
404 2113 492 2155 Cfr.
522 2113 542 2152 I
577 2110 676 2152 Cor.
709 2109 804 2158 XV,
839 2109 907 2152 26.

323 2183 367 2239 2)
398 2184 509 2225 Edd.
541 2180 739 2224 Merlini:
773 2192 813 2221 ct
846 2179 970 2220 donis
1001 2177 1196 2236 justitiae.

322 2254 369 2309 3)
399 2256 532 2296 Deest
561 2253 757 2303 ‚,solum“
785 2250 829 2291 in
862 2252 959 2293 edd.
990 2247 1177 2292 Merlini.

324 2327 369 2382 ⁴)
402 2327 571 2366 Desunt
601 2324 750 2364 verba:
783 2323 863 2372 „ab
896 2325 988 2371 e0,“
1018 2319 1063 2360 in
1095 2319 1191 2360 edd.
1221 2317 1283 2359 Μ.

325 2398 370 2451 ⁵)
403 2397 420 2436 I
458 2395 558 2436 Cor.
589 2395 686 2443 XV,
718 2394 784 2435 10.

321 2468 368 2522 ὃ)
401 2465 516 2507 Alias
547 2465 606 2520 (v.
638 2481 671 2504 c.
702 2463 746 2504 in
779 2463 874 2504 edd.
905 2461 1014 2515 M.):
1046 2459 1240 2511 „Similia
1273 2460 1487 2513 quoqne.“
1519 2454 1567 2493 R,

325 2538 371 2593 ⁷)
402 2537 512 2578 Edd.
543 2533 737 2576 “Merliniz
770 2533 830 2575 iis.
949 2532 995 2586 8)
1026 2532 1044 2572 I
1075 2531 1187 2572 Petr.
1219 2530 1252 2578 Ῐ,
1283 2530 1323 2570 2.

325 2609 370 2663 9)
402 2607 682 2649 Desideratur
713 2609 827 2655 „est“
860 2602 901 2643 in
935 2603 1029 2645 edd.
1061 2599 1249 2642 Merlini.

301 2680 371 2733 ¹⁰)
402 2678 557 2719 Psalm.
593 2676 703 2725 CVI,
733 2676 773 2718 3.
804 2672 945 2729 (CV.)
1069 2671 1139 2726 ¹¹)
1173 2672 1271 2726 Sap.
1304 2667 1464 2710 Salom.
1497 2663 1572 2713 IX,
1603 2662 1639 2704 6·

303 2751 373 2804 ¹²)
405 2751 538 2790 Deest
571 2747 661 2796 „ew
692 2744 735 2786 in
768 2745 863 2786 edd.
893 2744 955 2785 M.

303 2822 375 2873 ¹³)
406 2820 516 2862 Edd.
548 2815 744 2858 Nierlini:
778 2813 874 2870 „qui
908 2812 1103 2853 habuerit
1150 2807 1455 2851 abundantiam
1487 2802 1641 2858 gratiae

212 2893 248 2922 ct
283 2882 396 2921 dona
428 2874 623 2933 justitiae,
654 2872 695 2914 in
728 2871 808 2914 vita
841 2869 1152 2925 regnabit“ete.
1175 2893 1221 2900 —--
1249 2862 1548 2909 Cfr.R0n1.V,
1578 2860 1639 2902 17.
