1788 3111
204 110 262 153 90
546 109 770 153 Omenms
798 123 846 154 m
874 111 953 154 ΕΡ.
982 122 1042 153 AD
1074 111 1299 156 Rommos

204 222 352 278 „ira¹)
391 234 431 264 et
465 223 726 276 indignatio,
762 226 981 268 tribulatio
1023 237 1063 268 et
1101 227 1329 279 angustia.“
1386 227 1515 269 Unde
1554 229 1628 284 qui

202 299 426 356 spiritualis
447 313 517 352 est,
543 313 583 343 et
603 301 809 355 intelligit,
826 303 958 359 qui2)
982 303 1165 360 Spiritus
1185 305 1389 359 loquatur
1409 304 1454 345 in
1474 304 1631 356 Paulo,

203 377 324 418 dicit:
366 395 457 420 non
497 380 602 421 haec
643 382 901 435 Apostolum
943 381 1082 438 per3)
1121 381 1400 437 imperitiam,
1437 384 1511 424 sed
1550 399 1628 439 per

203 454 390 496 divinam
419 457 612 513 peritiam
639 458 956 514 conscripsisse:
985 459 1142 501 scilicet
1170 471 1218 500 ut
1245 475 1323 515 per
1351 459 1455 500 haec
1487 472 1626 502 osten-

202 533 334 584 deret,
366 550 414 575 ea
444 535 631 590 quidem,
667 553 775 592 quae
804 538 1039 578 secundum
1071 536 1315 593 patientiam
1345 535 1454 577 boni
1483 535 1626 592 operis

200 612 501 665 quaerentibus
541 612 719 664 gloriam
759 625 798 654 et
842 613 1215 670 incorruptionem
1256 614 1475 656 reddenda
1515 624 1627 663 sunt,

198 703 278 743 per
306 687 451 730 Deum
481 691 626 740 reddi,
664 690 708 731 id
741 702 819 740 est,
855 691 983 732 vitam
1016 703 1254 732 aeternam:
1284 708 1333 732 ea
1363 707 1487 740 vero,
1516 706 1628 746 quae

199 779 520 822 consequuntur
550 783 635 816 eos,
665 766 737 823 qui
760 785 838 824 per
868 770 1187 811 contentionem
1218 770 1421 810 diffidunt
1451 766 1623 824 quidem

198 843 381 893 veritati,
425 845 725 900 obtemperant
770 862 871 887 vero
909 846 1143 903 iniquitati,
1188 863 1279 887 non
1319 862 1343 887 a
1383 845 1482 886 Deo
1520 840 1627 894 dari,

201 918 320 975 cujus
354 922 468 962 dona
500 924 647 979 utique
676 924 994 981 permanentia,
1036 935 1075 966 et
1103 925 1196 981 ipso
1237 924 1362 975 digna
1397 934 1516 972 sunt,
1552 923 1625 963 sed

199 1013 246 1038 ex
278 1000 578 1055 consequentia
608 1012 824 1052 gestorum
854 1019 1032 1044 suorum
1059 1002 1136 1053 his,
1166 1003 1238 1059 qui
1271 1012 1506 1056 operantur
1534 1016 1627 1040 ma-

197 1076 302 1126 lum,
331 1076 392 1118 ira
426 1089 464 1118 et
483 1078 734 1129 indignatio,
761 1079 979 1121 tribulatio
1001 1091 1040 1121 et
1060 1079 1249 1132 angustia
1268 1079 1357 1128 erit,
1385 1079 1625 1120 secundum

198 1169 270 1202 ea,
301 1170 411 1209 quae
437 1154 826 1197 thesaurizaverunt
853 1156 935 1198 sihi
962 1157 1052 1214 ipsi.
1110 1158 1222 1199 Nam
1252 1157 1399 1213 utique
1428 1156 1536 1198 sicut
1563 1155 1623 1195 ibi

197 1232 352 1281 „vitam
368 1233 413 1287 4)
444 1238 687 1274 aeternam“
717 1251 815 1276 casu
846 1235 1083 1276 accusativo
1114 1236 1366 1291 protulerat,
1397 1234 1453 1275 ita
1486 1245 1525 1274 et
1554 1233 1624 1273 hic

193 1308 302 1350 iram
333 1322 373 1350 et
401 1310 755 1362 indignationem,
783 1311 1192 1368 tribulationemque
1211 1324 1250 1353 et
1272 1311 1505 1362 angustiam
1527 1327 1625 1353 casu

196 1386 434 1428 accusativo
473 1388 737 1444 protulisset,
776 1389 810 1430 si
847 1389 893 1430 id
932 1391 986 1431 ad
1024 1390 1239 1431 reddentis
1270 1389 1354 1430 Dei
1392 1405 1624 1445 personam

194 1465 352 1506 referre
383 1466 591 1507 voluisset.
652 1465 788 1520 Quod
829 1479 869 1508 et
902 1467 947 1508 in
976 1467 1066 1508 aliis
1097 1467 1346 1524 Scripturae
1373 1467 1480 1510 locis
1507 1467 1623 1509 simi-

193 1541 289 1582 liter
316 1542 565 1594 intelligitur
595 1544 817 1596 designari,
845 1544 953 1586 sicut
981 1545 1025 1586 in
1056 1545 1199 1601 primo
1222 1545 1333 1587 libro
1358 1544 1622 1596 Regnorum,

194 1620 270 1660 ubi
301 1621 404 1661 dicit
432 1621 671 1663 Dominus:
705 1623 1015 1674 „glorificantes
1035 1622 1078 1672 5)
1109 1639 1179 1663 me
1209 1622 1476 1674 glorificabo,
1503 1638 1621 1678 sper-

192 1709 339 1739 nentes
368 1714 438 1739 me
466 1705 761 1754 spernentur.“
808 1700 857 1741 ln
878 1717 964 1756 quo
987 1701 1203 1741 evidenter
1223 1699 1460 1740 ostenditur
1479 1699 1623 1741 dicere

194 1775 410 1817 Dominus
442 1792 538 1826 eos,
567 1778 639 1832 qui
671 1777 941 1830 glorificandi
970 1789 1087 1826 sunt,
1117 1793 1196 1833 per
1223 1794 1266 1818 se
1296 1777 1623 1828 glorificandos:

194 1855 248 1893 de
278 1853 341 1894 his
373 1870 497 1903 vero,
528 1854 602 1910 qui
629 1855 860 1910 spernendi
889 1866 999 1904 sunt,
1028 1871 1118 1896 non
1150 1856 1339 1896 retulisse
1368 1856 1423 1895 ad
1452 1872 1517 1905 se,
1545 1858 1619 1897 sed

194 1931 389 1972 absolute
422 1931 590 1984 dixisse,
630 1933 726 1988 quia
756 1943 1027 1988 spernentur.
1087 1931 1135 1973 Si
1174 1932 1288 1973 enim
1318 1943 1364 1973 ut
1394 1934 1511 1974 bona
1541 1949 1620 1988 per

190 2020 324 2052 semet
355 2011 494 2065 ipsum
525 2022 731 2067 praestat,
763 2010 819 2052 ita
851 2022 890 2051 et
919 2012 1030 2051 mala
1061 2027 1139 2065 per
1167 2022 1298 2052 semet
1326 2010 1467 2066 ipsum
1498 2011 1618 2052 retri—

190 2090 340 2129 bueret
371 2089 510 2138 Deus,
543 2104 807 2144 consequens
839 2099 946 2137 erat,
976 2101 1022 2129 ut
1052 2105 1138 2145 quo
1171 2089 1306 2129 modo
1339 2086 1462 2128 dixit:
1502 2088 1618 2140 „glo—

192 2167 401 2208 rificantes
417 2167 461 2221 6)
509 2182 578 2207 me
619 2166 925 2219 glorificabo:“
968 2166 1025 2208 ita
1069 2165 1249 2208 diceret:
1292 2177 1331 2207 et
1371 2176 1619 2221 spernentes

313 2354 354 2410 ι)
388 2356 514 2396 Rom.
544 2356 597 2406 ιι,
625 2358 662 2400 8.
693 2356 732 2399 9.

308 2424 353 2480 2)
388 2425 496 2466 Ε(](].
528 2426 588 2466 M.
621 2438 660 2468 et
692 2428 740 2470 Ρι.
773 2427 814 2468 in
846 2440 980 2469 textu:
1010 2428 1140 2481 equid
1173 2427 1355 2483 Spiritus
1388 2427 1613 2480 loquatur“

191 2494 279 2531 etc„
310 2485 373 2522 ed.
406 2494 547 2522 tamen
579 2483 628 2523 R.
658 2483 700 2523 in
732 2485 864 2525 notis:
897 2484 1027 2533 „Mso
1061 2484 1159 2535 Reg.
1189 2501 1304 2524 num.
1337 2482 1459 2524 1639.
1490 2480 1614 2536 quod

195 2539 401 2594 Spiritus
432 2539 638 2594 loquitur
668 2553 744 2581 etc.
805 2543 924 2581 Alter
961 2539 1060 2589 Reg.
1092 2558 1207 2580 num.
1241 2539 1362 2582 1640.
1393 2539 1472 2595 qui
1502 2536 1612 2592 Spi-

191 2598 307 2636 ritus
337 2595 555 2651 loquatur
586 2608 661 2638 etc.
722 2599 805 2639 Sed
841 2597 991 2639 caeteri
1021 2597 1143 2646 Mss.‚
1186 2596 1406 2645 Rabanus,
1445 2606 1486 2636 et
1515 2594 1613 2636 editi

191 2651 248 2707 (e.
275 2672 309 2694 ‹·.
331 2655 424 2693 cdd.
449 2653 532 2707 M.)
564 2665 611 2694 ut
640 2654 684 2694 in
715 2659 868 2695 textu-‘⁴
899 2653 947 2695 R.
1155 2670 1157 2672 ·

306 2723 352 2778 3)
386 2724 496 2765 Edd.
529 2723 719 2765 Merlini:
751 2723 973 2780 imperitia.
1094 2722 1138 2773 ⁴)
1170 2723 1293 2765 Rom.
1326 2722 1378 2771 Il,
1408 2723 1444 2764 7.

310 2796 353 2848 ⁵)
388 2795 399 2832 Ι
430 2793 544 2835 Sam.
576 2794 628 2844 Il,
657 2795 725 2837 30.
755 2795 798 2851 (l
829 2794 954 2847 Regg.

307 2864 353 2919 6)
387 2865 399 2904 l
434 2865 546 2906 Sam.
579 2865 630 2914 ll,
656 2867 723 2909 30.
754 2865 795 2922 (l
826 2864 977 2919 chg.)
