1788 3111
498 128 942 171 COMMENTARJORUM
973 126 1063 168 Lm.
1096 128 1146 168 V.
1449 128 1534 170 355

113 260 245 301 usque
276 243 330 285 ad
359 242 513 284 Mosen
544 241 587 282 in
619 257 704 289 eos,
736 239 808 294 qui
837 250 1118 295 peccaverunt
1148 239 1190 281 in
1215 239 1533 282 similitudinem

111 319 480 381 praevaricationis
526 317 721 360 Adami.“
779 317 991 367 Videsne,
1031 329 1078 358 ut
1109 334 1131 358 a
1161 329 1335 373 peccato
1366 319 1537 360 nullum

112 399 271 441 Paulus
301 395 499 439 excuset?
559 396 646 438 Sed
677 406 718 436 et
747 395 908 450 peccati
939 412 1068 448 genus
1100 394 1308 447 designat,
1339 396 1533 437 similitu-

114 476 259 517 dinem
286 472 656 532 praevaricationis
687 472 840 513 Adami
886 472 929 513 in
959 488 1225 527 unoquoque
1265 474 1536 524 constituens,

113 552 213 594 licet
241 552 329 601 ubi,
361 552 547 608 quando,
579 561 650 591 aut
681 550 903 605 quomodo
935 551 987 590 ab
1019 566 1284 606 unoquoque
1303 550 1535 592 similitudo

113 629 190 672 ista
220 627 589 686 praevaricationis
619 610 799 668 admissa
840 627 912 677 sit,
952 638 1092 668 tutum
1121 644 1211 668 non
1251 628 1538 684 credideriffl)

114 706 297 763 apertius
324 703 540 762 proloqui.
600 705 686 747 Sed
719 703 792 761 qui
823 703 1012 745 eruditus
1055 715 1115 745 est
1145 721 1193 745 ex
1224 705 1315 758 lege
1345 705 1538 756 Domini,

114 783 192 825 scit
242 783 472 836 inteIIIgere
517 783 748 824 obscurum
763 782 805 837 ²)
853 798 1094 823 sermonem
1135 782 1331 838 dictaque
1371 783 1536 839 sapien-

114 859 222 901 tium
253 871 294 900 et
323 860 568 912 aenigmata.
616 860 721 900 Ideo
737 859 783 911 3)
817 859 1001 915 denique
1029 859 1154 901 etiam
1176 861 1228 900 de
1253 861 1398 911 salute,
1431 877 1539 917 quae

113 936 159 978 in
178 936 346 978 Christo
378 936 510 992 est,⁴)
541 936 747 977 occultius
776 936 991 992 loquitur;
1022 947 1063 977 et
1093 953 1188 977 cum
1213 936 1401 979 dixisset:
1433 938 1539 988 „sic-

115 1025 162 1055 ut
180 1013 224 1071 ⁵)
252 1013 433 1056 enimin
462 1015 603 1056 Adam
634 1030 781 1056 omnes
821 1013 1126 1054 moriuntur:“
1165 1030 1256 1054 non
1286 1014 1410 1055 dixit:
1458 1015 1540 1065 „ita

116 1102 158 1132 et
185 1090 230 1132 in
262 1091 432 1134 ChrIsto
455 1097 629 1133 omnes“
659 1091 934 1141 vivificantur,
964 1092 1038 1132 sed
1069 1091 1469 1141 ‚,vivificabuntur:“
1500 1104 1541 1134 et

117 1184 287 1210 rursum
325 1185 422 1210 cum
463 1169 652 1211 dixisset:
692 1169 885 1224 „sicut⁶)
919 1168 1031 1209 enim
1060 1169 1185 1209 unius
1218 1180 1392 1224 peccato
1424 1186 1541 1211 mors

118 1246 304 1298 regnavit
330 1263 408 1302 per
436 1264 584 1296 unum,
613 1246 671 1287 ita
701 1258 742 1287 et
771 1263 848 1302 per
877 1245 1000 1286 unius
1039 1243 1422 1303 justificationem,“
1451 1264 1540 1287 nou

119 1321 243 1372 dixit,
281 1335 427 1376 regnat
466 1323 569 1373 vita,
615 1322 688 1365 sed
737 1323 955 1377 „regnabit
995 1323 1075 1364 vita
1106 1339 1184 1379 per
1230 1339 1365 1364 unum
1394 1324 1542 1364 Jesum

122 1397 377 1440 Christum.“
435 1400 585 1455 Scit7)
617 1400 742 1451 enim,
774 1412 822 1441 ut
852 1401 948 1452 dixi,
979 1401 1183 1457 scriptum
1202 1417 1301 1450 esse,
1336 1401 1432 1457 quia
1464 1401 1542 1451 „ss-

122 1476 226 1516 deh's
242 1475 288 1531 8)
319 1477 467 1532 spiritu
484 1478 530 1531 9)
562 1479 670 1519 celat
699 1477 867 1531 negotia
881 1484 917 1530 ;“
948 1490 987 1520 et
1007 1478 1108 1519 item
1139 1477 1262 1519 alibi:
1295 1495 1451 1534 „quam
1472 1480 1544 1532 ²⁰)

119 1569 270 1607 magna
292 1555 522 1596 multitudo
546 1555 780 1597 dulcedinis
803 1567 910 1606 tuae,
934 1555 1139 1606 Domine,
1167 1571 1293 1611 quam
1316 1555 1543 1597 abscondi-

123 1632 175 1673 sti
203 1632 448 1673 timentibus
477 1630 565 1673 tc!“
596 1632 641 1675 Si
665 1632 776 1674 enim
804 1631 1050 1686 interroges,
1081 1634 1253 1689 quando
1286 1633 1367 1674 vita
1398 1650 1546 1686 regna-

122 1707 185 1748 bit
205 1725 285 1764 per
312 1710 460 1751 Jesum
492 1709 720 1761 Christum,
751 1722 792 1751 et
823 1711 995 1766 quando
1019 1709 1176 1767 justitia
1207 1709 1296 1768 ejus
1323 1710 1367 1751 in
1395 1727 1543 1753 omnes

125 1785 319 1827 homines
352 1786 397 1827 in
416 1787 425 1811 ¹
445 1787 486 1837 ι)
515 1786 858 1845 justificationem
896 1787 1004 1828 vitae
1035 1787 1262 1838 efficietur,
1295 1789 1467 1844 quando
1499 1790 1543 1831 in

126 1880 274 1906 omnes
300 1864 378 1906 ista
406 1864 627 1906 beatitudo
658 1864 895 1921 perveniet:
927 1864 1057 1920 ipsius
1087 1865 1267 1906 Domini
1296 1867 1398 1907 Jesu
1418 1866 1542 1907 Chri-

124 1941 176 1982 sti
206 1942 473 1983 sermonibus
513 1942 645 1993 disce,
687 1942 841 1998 quibus
882 1940 983 1982 dicit
1027 1942 1080 1982 ad
1113 1940 1364 1997 discipulos:
1396 1941 1544 1992 „audi-

127 2017 285 2074 stis¹²)
331 2020 434 2060 haec
474 2019 649 2061 omnia?
715 2019 879 2060 Dicunt
922 2017 979 2060 ei:
1021 2017 1170 2068 etiam,
1207 2017 1409 2059 Domine.
1476 2017 1544 2058 Ait

250 2186 291 2240 ι)
321 2187 433 2228 Edd.
464 2186 642 2229 Merlini
672 2186 862 2228 credidit.
981 2186 1026 2241 2)
1058 2186 1183 2227 Prov.
1215 2185 1246 2235 I,
1277 2186 1316 2228 6.

245 2256 290 2311 ³)
322 2258 434 2298 Edd.
465 2257 660 2298 Merlini:
695 2258 798 2297 Ideo
832 2256 956 2297 etiam
991 2255 1174 2311 denique
1206 2267 1280 2297 etc.

246 2327 290 2381 ⁴)
322 2327 455 2368 Deest
484 2326 527 2367 in
559 2326 679 2368 editis
709 2329 769 2382 (V.
802 2344 836 2367 c.
866 2326 910 2366 in
943 2326 1037 2366 edd.
1068 2326 1177 2379 1513:
1208 2331 1335 2374 ‚,est.“
1363 2326 1413 2368 R.

248 2397 292 2451 ⁵)
324 2398 342 2437 I
376 2396 475 2438 Cor.
505 2398 601 2446 XV,
630 2398 696 2438 22.
813 2397 860 2450 Β-)
893 2396 980 2439 Csr.
1008 2396 1133 2436 Rom.
1163 2396 1216 2445 V,
1247 2396 1311 2438 17.
1344 2395 1407 2440 18.

246 2466 292 2523 ⁷)
319 2467 399 2509 Ed.
430 2466 490 2507 M.
522 2468 560 2508 I:
591 2466 739 2517 „Sicut
769 2466 908 2508 enim“
939 2479 1033 2516 eto,
1061 2467 1125 2507 ed.
1158 2466 1220 2506 M.
1255 2466 1312 2507 II:
1356 2466 1550 2516 „Sciebat

132 2523 270 2564 enim‘'·
300 2535 375 2564 etc.

247 2594 295 2647 Θ)
324 2594 450 2635 Prov.
481 2594 557 2643 XI,
589 2594 654 2636 13.
774 2592 819 2648 9)
849 2594 929 2635 Ed.
960 2594 1021 2635 M.
1056 2594 1113 2633 II:
1145 2591 1349 2648 spiritum.

226 2663 297 2717 10)
326 2663 478 2705 Psalm.
508 2663 672 2712 XXXI,
704 2665 767 2708 19.
798 2664 988 2720 (XXX.)

230 2732 301 2786 11)
334 2732 468 2773 Alias:
514 2731 881 2789 „justificationem
913 2732 1019 2774 vitae
1056 2732 1247 2773 efficiet.“
1278 2732 1326 2773 R.
1360 2757 1409 2765 -
1440 2731 1549 2774 Edd.

137 2787 332 2830 Merlini:
363 2787 433 2837 „in
462 2787 801 2846 justificationem
833 2790 940 2831 vitae
971 2788 1162 2830 efficiet.“

222 2858 301 2911 112)
329 2859 481 2899 Matth.
512 2859 630 2907 XIII,
661 2860 726 2904 51.
760 2860 856 2901 coll.
889 2876 947 2901 ev.
979 2860 1132 2900 Joann.
1166 2858 1282 2908 Xlll,
1316 2859 1379 2904 17.

1180 2939 1238 2979 23
1257 2937 1276 2959 ⁴‘
