1788 3111
211 132 270 177 52
553 129 777 176 Ommzms
805 142 853 172 m
881 129 960 172 ΕΡ.
990 139 1051 170 An
1082 128 1308 171 ROMANos

214 255 344 302 pacto
375 242 533 302 justum
565 243 644 286 erit
671 242 883 301 judicium
912 242 999 284 Dei
1031 242 1157 284 etiam
1189 229 1285 294 erga
1318 258 1413 294 eos,
1450 242 1523 298 qui
1553 255 1651 285 ante

217 324 447 365 adventum
489 321 669 372 Christi,
712 338 810 363 cum
849 320 1073 377 potuerint
1111 320 1256 361 Deum
1298 334 1550 371 agnoscere,
1595 321 1649 361 ab

218 399 306 458 ejus
338 400 454 441 cultu
496 397 778 448 declinantes,
817 399 871 439 ad
907 397 1111 450 imagines
1147 397 1377 438 hominum
1408 397 1649 438 adorandas

220 488 260 518 et
291 475 541 517 animalium
577 475 851 517 diverterunt.
909 474 970 515 Ut
1001 475 1114 515 enim
1144 475 1351 523 breviter,
1384 484 1423 514 et
1455 474 1574 514 omni
1603 474 1650 514 in

217 570 354 595 unum
377 553 552 595 collecta
579 551 827 594 definitione
847 552 1052 601 dicamus,
1084 553 1265 592 adorare
1287 550 1416 591 alium
1437 549 1480 605 1)
1503 565 1652 605 quem·

218 623 336 679 piam
366 635 535 679 praeter
559 623 728 664 Patrem
762 634 802 663 et
831 622 991 663 Filium
1025 633 1064 663 et
1096 622 1303 677 Spiritum
1334 632 1541 670 sanctum,
1570 619 1653 661 ima

219 699 383 756 pietatis
415 711 472 740 est
503 700 676 752 cxjimen.
736 699 879 754 „Quia
895 699 941 755 2)
975 700 1094 754 quod
1124 711 1276 739 notum
1308 709 1366 740 est
1388 698 1484 746 Dei,
1514 697 1654 738 mani-

218 778 372 819 festum
404 788 463 818 est
499 777 544 818 in
583 777 690 829 illis;
731 777 850 818 Deus
894 776 1007 818 enim
1048 775 1128 816 illis
1167 774 1494 816 manifestavit.“
1551 774 1651 814 Jam

221 852 322 909 et3)
350 853 543 909 superius
575 853 768 903 diximus,
800 853 899 909 quia
928 865 1080 894 notum
1113 863 1171 894 est
1199 851 1285 892 Dei
1314 852 1422 900 hoc,
1454 853 1573 907 quod
1605 868 1652 892 ex

221 920 531 988 hujusmundi
562 931 873 986 consequentiis
892 930 937 987 4)
976 932 1041 971 vel
1082 930 1317 971 rationibus
1360 928 1522 984 assequi
1551 945 1653 984 pos-

221 1020 342 1059 sunt,
381 1007 490 1049 sicut
527 1018 568 1048 et
605 1008 696 1064 ipse
724 1009 958 1064 Apostolus
995 1023 1043 1048 ex
1082 1006 1440 1062 consequentibus
1479 1005 1656 1054 indicat,

224 1085 367 1126 dicens
383 1084 428 1141 5)
458 1085 685 1127 invisibilia
717 1084 803 1142 ejus
833 1100 912 1141 per
943 1101 1011 1134 ca,
1044 1100 1152 1140 quae
1181 1085 1291 1125 facta
1322 1094 1431 1133 sunt,
1463 1093 1656 1123 contem-

221 1162 345 1218 plari.
402 1162 603 1214 Ignotum
645 1174 785 1203 autem
826 1162 912 1203 Dei
949 1162 1271 1213 intelligendum
1315 1172 1373 1201 est
1412 1159 1520 1200 ratio
1553 1160 1656 1200 sub-

222 1240 400 1281 stantiae
438 1238 549 1296 ejus,
599 1241 666 1280 vel
703 1251 899 1280 naturae:
943 1238 1061 1296 cujus
1104 1237 1272 1294 quaes)
1312 1237 1363 1278 sit
1400 1235 1656 1292 proprietas,

222 1328 331 1372 puto
364 1318 484 1372 quod
514 1333 603 1358 non
636 1318 776 1358 solum
807 1333 886 1357 nos
917 1316 1127 1365 homines,
1156 1317 1230 1357 sed
1262 1327 1301 1355 et
1324 1330 1498 1355 omnem
1529 1314 1656 1354 lateat

224 1405 487 1434 creaturam:
526 1404 598 1433 aut
635 1393 668 1435 si
706 1393 939 1448 aliquando
973 1404 1112 1433 tantus
1145 1391 1223 1432 erit
1259 1403 1438 1431 naturae
1466 1390 1657 1431 rationa—

222 1471 301 1512 bili
319 1470 364 1528 7)
395 1469 627 1526 profectus,
657 1481 705 1511 ut
738 1469 784 1511 in
814 1470 926 1511 hanc
960 1486 1134 1526 quoque
1163 1468 1296 1525 possit
1323 1466 1546 1524 pervenire
1574 1483 1659 1508 no·-

224 1548 376 1598 titiam,
405 1548 490 1589 Dei
522 1559 580 1589 est
608 1564 745 1590 nosse.
796 1547 901 1588 Tale
925 1548 1035 1588 enim
1070 1547 1232 1602 aliquid
1262 1545 1368 1586 mihi
1394 1546 1655 1601 sperandum

223 1625 392 1666 videtur
423 1641 471 1665 ex
500 1624 583 1674 his,
620 1641 728 1680 quae
770 1641 793 1665 a
837 1625 1057 1666 salvatore
1097 1622 1379 1677 dicunturzss)
1420 1622 1518 1676 quia
1548 1621 1658 1671 „Fi-

224 1702 331 1744 lium
349 1701 394 1757 ⁹)
424 1718 553 1743 nemo
585 1701 721 1750 novit,
751 1700 832 1742 nisi
861 1700 1010 1741 Pater:
1041 1716 1180 1755 neque
1199 1699 1369 1739 Patrem
1401 1700 1493 1754 quis
1523 1699 1655 1750 novit,

224 1778 306 1821 nisi
335 1778 483 1827 Filius,
514 1789 554 1818 et
585 1778 652 1818 cui
678 1777 861 1818 voluerit
881 1777 1015 1818 Filius
1047 1778 1272 1818 revelare.“
1317 1777 1417 1817 Non
1437 1776 1508 1830 ¹⁰)
1542 1776 1656 1818 enim

228 1855 477 1898 addidisset:
507 1867 575 1906 „et
594 1857 604 1878 ¹
623 1855 665 1911 ι)
697 1855 764 1896 cui
794 1853 975 1896 voluerit
998 1855 1131 1896 Filius
1162 1854 1405 1895 revelare:“
1433 1853 1513 1896 nisi
1534 1854 1658 1896 sciret
1681 1850 1694 1857 ”

227 1933 393 1989 aliquos
427 1948 531 1982 esse,
562 1933 715 1988 quibus
745 1933 933 1974 revelare
963 1930 1159 1987 velit.¹²)

345 2066 389 2123 ι)
420 2067 482 2107 Ita
521 2066 621 2107 editi
662 2065 721 2122 (e.
752 2083 785 2107 c.
821 2067 916 2107 edd.
948 2065 1044 2121 Μ).
1110 2065 1216 2107 Msc.
1257 2082 1356 2106 xero
1399 2064 1498 2116 Reg.
1539 2082 1656 2106 num

227 2123 350 2167 1639.
379 2123 545 2173 „alium
578 2139 704 2179 quem
735 2128 940 2178 praete1“
974 2135 1049 2164 etc.
1112 2121 1284 2163 Cactcri
1313 2122 1412 2164 Mss.
1443 2121 1656 2178 „aliquem

227 2185 421 2236 praeter“
454 2191 528 2221 etc.
559 2180 598 2220 R

320 2251 392 2306 '2)
422 2250 549 2292 Rom.
580 2249 613 2300 Ι,
643 2250 710 2294 19.

345 2319 392 2372 3)
423 2319 534 2360 Edd.
565 2321 761 2362 Merlini:
793 2321 892 2362 Jam
924 2333 963 2362 et
992 2333 1039 2361 ut
1067 2320 1262 2377 superius
1294 2332 1367 2362 etc.

346 2389 392 2444 ⁴)
421 2389 503 2430 Ed.
535 2389 690 2431 Ruaei:
724 2392 1036 2446 consequentia.
1158 2393 1203 2445 ⁵)
1235 2391 1362 2432 Rom.
1393 2390 1425 2439 I,
1454 2390 1522 2431 20.

345 2458 391 2513 ⁶)
421 2459 532 2502 Edd.
566 2459 764 2501 Mertini:
798 2460 1003 2518 cujusque
1031 2459 1091 2503 sit.

346 2528 392 2583 ⁷)
422 2529 531 2571 Edd.
562 2530 759 2573 Mox-lini:
792 2530 1066 2573 rationabilis.
1187 2530 1234 2586 ⁸)
1263 2529 1415 2571 Matth.
1445 2527 1518 2577 ΧῘ,
1548 2528 1615 2569 27.

344 2598 393 2654 ⁹)
422 2599 532 2641 Edd.
565 2600 761 2641 Merlini:
795 2601 892 2656 quia
920 2617 1049 2642 nemo
1082 2601 1201 2662 novit
1231 2601 1378 2647 filium,
1409 2598 1491 2640 nisi
1523 2609 1599 2638 etc.

321 2669 392 2724 ¹⁰)
425 2670 538 2711 Alias
579 2671 637 2725 (e.
678 2687 711 2711 c.
753 2670 794 2711 in
840 2672 934 2712 cdd.
971 2671 1076 2726 M.:)
1117 2671 1253 2720 „Non
1295 2670 1406 2710 enim
1446 2669 1656 2709 adderet“

230 2726 306 2782 (al.
338 2725 564 2783 addidit).
597 2726 647 2767 R.

317 2796 328 2820 ¹
347 2795 389 2852 ¹)
422 2796 573 2838 Matth.
590 2797 667 2848 XI,
680 2799 748 2840 27.
763 2821 813 2828 --
828 2798 908 2838 Ed.
924 2797 972 2839 R.
990 2799 1033 2840 in
1051 2799 1184 2840 notis:
1204 2797 1351 2848 „aliasz
1371 2794 1454 2836 secl
1471 2796 1567 2836 cui“
1581 2806 1655 2836 etc.

317 2865 330 2891 ¹
345 2865 391 2920 ²)
422 2866 533 2909 Edd.
567 2867 761 2909 ”Merlinh
794 2868 928 2908 vellet.
