1788 3111
484 106 925 150 CommnmAmonum
953 104 1046 147 Lm.
1077 103 1148 147 1v.
1441 107 1530 152 273

105 229 181 271 ret,
213 234 298 262 esse
337 230 557 274 augmenta
599 219 809 275 quaedam
846 227 889 259 et
915 217 1134 273 profectus
1161 215 1207 258 in
1235 217 1343 268 fide,
1376 229 1418 261 et
1445 217 1522 262 ali-

105 312 214 352 quos
252 296 412 338 habere
455 307 620 352 partem
660 293 760 336 fidei
791 294 1004 346 exiguam,
1034 293 1138 336 alios
1167 309 1386 346 magnam,
1415 294 1522 338 alios

104 387 205 413 vero
250 372 409 413 habere
449 388 621 414 omnem
659 371 803 412 fidem.
867 370 998 412 Unde
1050 381 1090 411 et
1125 371 1359 426 Apostolus
1406 371 1524 413 dice-

104 448 200 489 bat:
233 448 292 498 „si
313 448 356 504 ι)
386 449 566 490 habeam
598 463 771 489 omnem
799 447 954 497 fidem,
990 446 1046 488 ita
1075 458 1124 488 ut
1151 458 1319 488 montes
1346 450 1550 492 transfe-.

102 529 235 565 ram.“
292 525 379 566 Sed
426 536 466 566 et
502 525 545 565 in
574 523 811 575 Evangeliis
850 523 1046 580 discipuli
1085 522 1233 564 dicunt
1271 524 1326 565 ad
1364 521 1524 565 Domi-

55 592 59 593 ⁷
101 617 223 651 num,
254 601 371 657 quasi
401 601 551 657 quibus
581 601 779 641 nondum
822 602 951 658 plena
984 601 1135 642 inesset
1172 600 1299 640 fides:
1330 600 1522 656 ‚,auge²)

102 678 230 719 nobis
259 678 428 720 fidem.“
486 677 722 719 Considera
750 693 873 727 sane,
908 677 942 719 si
970 678 1206 719 secundum
1238 692 1299 725 ea,
1329 693 1438 732 quae
1469 679 1523 718 de

101 754 188 795 fide
217 754 418 805 dicimus,
453 754 578 795 etiam
618 755 672 794 de
701 753 881 795 caritatis
912 753 1143 805 augmentis
1169 753 1360 796 similiter
1386 754 1524 809 possi-

102 847 196 872 mus
230 830 485 882 intelligere‚
522 831 578 873 ita
608 841 655 871 ut
695 830 884 871 dicamus
924 841 964 870 et
1001 831 1054 871 de
1084 829 1276 880 caritate,
1315 832 1424 872 sicut
1449 831 1523 872 ille

104 907 226 949 dixit:
254 907 315 956 „si
330 907 375 963 3)
416 908 599 949 habeam
641 921 815 948 omnem
851 906 982 948 fidem
996 911 1033 947 :“
1070 906 1104 948 si
1133 906 1314 948 habeam
1346 923 1522 949 omnem

102 984 340 1026 caritatem:
371 995 411 1025 et
439 983 559 1025 illum
590 984 750 1024 habere
790 999 964 1024 omnem
1002 983 1229 1032 caritatem,
1272 983 1345 1039 qui
1376 983 1524 1025 omnia

97 1059 171 1102 illa
200 1060 410 1110 habuerit,
438 1076 547 1116 quae
575 1060 755 1117 propria
783 1060 963 1102 caritatis
991 1072 1109 1109 sunt,
1137 1060 1244 1101 sieut
1273 1060 1374 1102 dicit
1402 1062 1526 1117 Apo-

101 1137 258 1179 stolus:
295 1137 468 1188 „caritas
482 1135 527 1193 ⁴¹)
565 1137 728 1193 patiens
759 1148 838 1187 est,
875 1137 1057 1189 benigna
1089 1148 1169 1186 est,
1205 1152 1295 1178 non
1336 1136 1525 1188 inflatur,

99 1230 192 1254 non
224 1216 484 1265 aemulatur,
518 1230 611 1255 non
649 1213 872 1256 ambitiosa
911 1226 990 1263 est,
1026 1229 1118 1254 non
1161 1229 1389 1268 perperam
1428 1214 1525 1267 agit,

99 1307 189 1331 non
218 1290 428 1346 irritatur:
460 1291 605 1332 omnia
633 1291 797 1340 tolerat,
828 1290 971 1331 omnia
1014 1290 1158 1340 credit,
1196 1290 1341 1331 omnia
1369 1302 1525 1347 sperat,

101 1367 247 1408 omnia
274 1367 485 1418 sustinet‚“
523 1379 562 1408 et
591 1379 754 1409 caetera
783 1367 846 1408 his
886 1365 1050 1408 similia.
1109 1365 1234 1421 Quae
1262 1366 1295 1410 si
1326 1367 1417 1423 quis
1447 1368 1525 1409 ha-

101 1445 212 1494 beat,
240 1456 352 1485 recte
380 1444 486 1486 mihi
514 1444 680 1486 videtur
721 1443 876 1500 dici‚⁵)
907 1444 1025 1499 quod
1055 1443 1208 1484 habeat
1247 1461 1421 1486 omnem
1451 1460 1523 1486 ca-

99 1519 288 1561 ritatem:
329 1537 438 1577 quae
480 1521 627 1562 caritas
655 1520 746 1562 sine
774 1521 907 1562 dubio
949 1537 997 1561 ex
1026 1520 1091 1562 his
1115 1519 1286 1571 singulis
1316 1521 1370 1561 ab
1400 1521 1525 1576 Apo-

100 1598 210 1640 stolo
240 1614 369 1654 supra
409 1598 652 1640 memoratis
691 1598 880 1654 partibus
915 1608 1089 1638 constat.
1147 1595 1352 1638 Similiter
1381 1609 1523 1638 autem

100 1687 139 1716 et
169 1677 223 1716 de
251 1673 556 1723 misericordia,
586 1685 626 1715 et
653 1674 832 1730 pietate,
872 1673 1128 1729 caeterisque
1157 1671 1380 1714 virtutibus
1409 1674 1525 1714 arbi-

98 1763 192 1793 tror
223 1752 306 1793 dici
338 1767 472 1807 posse.
532 1751 586 1792 Et
614 1753 727 1793 forte
760 1768 840 1808 per
869 1751 976 1792 haee
1002 1750 1188 1801 singula,
1221 1749 1329 1792 sicut
1354 1751 1407 1791 de
1436 1750 1524 1792 fide

101 1827 264 1870 dictum
295 1839 365 1878 est,
395 1829 493 1883 quia
524 1830 653 1879 „fides
669 1827 714 1885 6)
744 1840 936 1884 reputata
964 1839 1023 1869 est
1053 1829 1106 1869 ad
1136 1824 1373 1883 justitiam,“
1399 1826 1459 1869 ita
1475 1827 1523 1883 ⁷)

100 1917 141 1946 et
171 1906 224 1946 de
254 1905 423 1946 caritate
460 1905 546 1947 dici
573 1917 735 1961 potest,
775 1907 874 1962 quia
915 1916 1109 1962 reputata
1154 1913 1213 1944 est
1242 1902 1390 1944 caritas
1406 1902 1452 1958 8)
1483 1902 1522 1943 ei

102 1983 158 2023 ad
187 1980 401 2038 justitiam,
430 1993 502 2023 aut
528 1982 684 2038 pietas,
723 1994 795 2023 aut
825 1980 1130 2022 misericordia.
1188 1980 1276 2021 Sed
1304 1980 1523 2020 videamus

101 2055 188 2113 jam
228 2074 296 2107 ea,
341 2073 450 2113 quae
488 2069 821 2113 consequuntur.
887 2057 1026 2109 ,‚Et⁹)
1066 2073 1180 2106 non,
1211 2055 1371 2111 inquit,
1398 2054 1521 2096 infir-

102 2132 329 2190 matus¹⁰)
361 2145 420 2175 est
452 2133 498 2174 in
537 2133 645 2183 fide,
717 2148 797 2174 nec
847 2132 1131 2174 consideravit
1173 2149 1299 2174 suum
1362 2149 1520 2189 corpus

219 2259 263 2316 ¹)
293 2259 313 2298 I
346 2258 447 2301 Cor.
475 2257 595 2308 XIII,
622 2258 662 2300 2.
778 2255 824 2310 ²)
853 2255 953 2298 Luc.
981 2256 1119 2305 XVII,
1149 2257 1188 2299 5.

216 2329 264 2384 ³)
294 2329 314 2369 I
346 2328 447 2371 Cor.
477 2328 596 2378 XIII,
625 2328 666 2369 2.
791 2326 836 2380 4)
867 2326 887 2366 I
918 2325 1019 2368 Cor.
1049 2326 1168 2377 XIII,
1193 2327 1232 2369 4.
1261 2327 1302 2369 5.
1329 2327 1369 2369 7.

218 2399 263 2453 ⁵)
294 2399 405 2440 Edd.
436 2397 631 2439 Merlini:
664 2396 814 2438 dicere.
934 2397 980 2451 6)
1010 2396 1137 2438 Rom.
1168 2396 1240 2446 IV,
1270 2397 1310 2440 9.

217 2468 264 2525 ⁷)
296 2468 605 2509 Desiderantur
641 2469 791 2508 verba:
833 2465 917 2515 „ita
957 2477 997 2506 et
1025 2467 1078 2507 de
1110 2466 1280 2507 caritate
1309 2464 1392 2507 dici
1421 2476 1520 2521 pot-

101 2537 182 2574 est,
226 2527 324 2581 quia
354 2536 546 2620 regutata
577 2535 636 2565 est
669 2523 816 2565 caritas
849 2523 886 2563 ei
916 2523 970 2564 ad
999 2520 1253 2580 justitiam‚“
1284 2523 1400 2578 apud
1433 2520 1518 2563 Ge-

97 2583 371 2624 nebrardum.
444 2611 452 2621 .

215 2649 262 2704 ⁵)
292 2650 402 2692 Edd.
433 2649 627 2691 NIerlini:
660 2649 697 2690 ei
730 2649 889 2691 caritas.
1020 2646 1067 2701 9)
1096 2647 1223 2688 Rom.
1252 2647 1325 2696 IV,
1356 2647 1419 2690 19.
1449 2648 1516 2690 20.

191 2718 263 2773 ¹⁰>
289 2719 372 2760 Ed.
410 2719 545 2761 Ruaei
584 2720 624 2762 h.
674 2721 789 2766 loco,
834 2717 910 2760 cfr.
944 2734 993 2773 p.
1030 2717 1127 2760 269.
1161 2727 1250 2757 not.
1288 2717 1327 2759 5.
1371 2716 1516 2765 „infir-
1571 2720 1575 2721 ⁷

98 2787 233 2817 matus
266 2787 324 2816 est
351 2776 396 2816 in
425 2775 551 2825 fide,“
580 2777 645 2816 ed.
675 2775 736 2816 M.
767 2775 810 2815 I:
838 2774 1100 2824 „infirmatus
1129 2772 1174 2814 in
1203 2773 1316 2814 fide“
1358 2774 1513 2815 omisso

98 2837 221 2882 „est,“
253 2832 316 2872 ed.
346 2831 409 2873 M.
440 2832 499 2872 ll:
531 2832 792 2881 „infirmatus
822 2842 880 2873 est
914 2830 1036 2873 fide.“

98 2907 322 2950 Omonms
354 2906 528 2952 OPERA.
568 2906 690 2950 Tom.
719 2906 790 2947 VI.
1156 2904 1212 2947 18
