1788 3111
242 148 330 193 226
582 145 807 189 Omcnms
836 157 884 189 m
913 145 992 189 Er.
1022 155 1082 187 An
1115 144 1341 187 Rommos

246 260 474 317 accipiunt.
533 256 596 302 Ita
624 270 857 317 utrumque
886 257 969 302 sibi
994 258 1230 301 adhaerens
1251 259 1430 300 alterum
1462 274 1510 301 ex
1543 260 1677 302 altero

245 348 585 381 consummatur.

356 415 423 459 11.
481 415 538 456 Et
563 425 796 473 propterea
834 423 942 470 puto
979 412 1240 469 Apostolum
1278 412 1417 455 statim
1454 412 1500 455 in
1529 430 1680 457 conse-

243 492 469 550 quentibus
498 492 710 549 posuisse:
737 493 902 543 „legem
920 491 964 547 1)
994 506 1095 542 ergo
1129 506 1381 532 evacuamus
1409 506 1489 546 per
1515 491 1679 533 fidem?

245 569 388 612 Absit:
424 571 499 612 sed
538 571 675 624 legem
717 569 979 611 statuimus.“
1047 566 1269 622 Quoniam
1307 567 1351 608 in
1385 567 1678 623 superioribus

243 649 299 689 ad
337 648 468 689 fidem
508 660 661 690 cuncta
704 647 813 690 visus
855 658 914 689 est
943 660 1167 696 revocare,
1205 645 1295 700 ipse
1330 644 1433 695 sibi,
1474 647 1595 701 quod
1627 647 1680 687 ab

242 724 328 766 alio
361 725 507 781 aliquo
523 723 569 781 ²)
599 724 791 782 proponi
825 735 980 781 posset,
1021 723 1289 778 obtendit,³)
1321 735 1360 764 et
1393 723 1513 763 dicit:
1543 723 1576 765 si
1605 739 1684 779 per

242 803 373 843 fidem
401 800 655 859 justificatur
694 802 851 850 homo,
892 811 932 842 et
972 817 1063 841 non
1095 816 1144 841 ex
1178 800 1381 856 operibus
1411 800 1534 851 legis,
1572 811 1612 841 et
1648 801 1682 842 si

242 879 362 920 Deus
395 879 766 922 circumcisionem
798 895 846 921 ex
875 879 961 920 fide
990 875 1200 934 justificat,
1233 889 1273 918 et
1302 879 1573 934 praeputium
1604 895 1683 934 per

242 958 387 1006 fidem,
417 958 554 1009 legem
586 972 686 1009 ergo
718 955 865 1006 Mosis,
904 972 929 996 ο
964 955 1111 1004 Paule,
1142 954 1382 1009 destruis⁴>
1414 972 1493 1012 per
1521 953 1686 996 fidem?

241 1033 330 1075 Sed
361 1035 416 1074 ad
453 1034 538 1075 hoc
576 1036 667 1090 ipse
708 1034 973 1090 respondens
1015 1032 1140 1073 dicit:
1174 1031 1388 1089 ‚,absit:⁵)
1427 1032 1516 1074 imo
1546 1033 1680 1084 legem

240 1111 521 1153 statuimus:“
559 1111 645 1151 hoc
677 1120 758 1160 est,
797 1110 1114 1151 confirmamus.
1173 1109 1260 1150 Sed
1302 1125 1461 1164 operae
1497 1109 1681 1165 pretium

242 1199 304 1229 est
331 1187 488 1237 videre,
521 1188 748 1242 quomodo
786 1187 922 1237 legem
954 1201 999 1225 se
1030 1185 1288 1225 confirmare
1317 1186 1583 1241 pronuntiet,
1612 1186 1685 1241 qui

240 1264 286 1306 in
314 1264 615 1320 superioribus
648 1261 871 1317 dixerit,⁶)
915 1261 1014 1317 quia
1052 1278 1145 1302 non
1182 1260 1432 1318 justificetur
1468 1263 1604 1304 homo
1637 1279 1684 1304 ex

243 1342 448 1397 operibus
487 1340 601 1392 legis.
670 1339 866 1381 Salvator
906 1338 952 1379 in
992 1338 1231 1390 Evangeliis
1265 1338 1391 1389 dicit,
1423 1340 1524 1395 quia
1554 1339 1683 1390 „Mo-

176 1451 182 1459 ,
241 1433 304 1459 ses
320 1415 365 1473 7)
399 1418 452 1458 de
481 1433 552 1457 me
580 1416 789 1473 scripsit.“
849 1415 938 1470 Qui
979 1433 1078 1470 ergo
1109 1434 1200 1458 non
1231 1417 1367 1458 credit
1397 1416 1590 1467 Christo,
1616 1419 1685 1465 yde

241 1510 329 1550 quo
372 1494 517 1536 Moses
555 1494 722 1550 scripsit
758 1493 803 1535 in
840 1494 954 1545 lege,
999 1495 1176 1537 destruit
1222 1496 1382 1547 legem:
1429 1495 1503 1550 qui
1541 1506 1683 1536 autem

242 1571 378 1612 credit
409 1571 603 1622 Christo,
644 1574 698 1614 de
739 1588 827 1628 quo
869 1571 1014 1614 Moses
1051 1571 1236 1628 scripsit,
1279 1572 1415 1624 legem
1456 1573 1684 1613 confirmat

239 1663 320 1703 per
350 1649 496 1698 fidem,
527 1648 627 1703 quia
658 1649 794 1691 credit
821 1648 866 1689 in
898 1648 1130 1693 Christum.
1190 1648 1345 1690 Fidem
1361 1647 1408 1705 ⁸>
1440 1661 1580 1691 autern
1618 1650 1683 1689 di-

243 1725 377 1767 cimus
407 1725 454 1766 in
493 1724 688 1776 Patrem,
731 1738 771 1767 et
810 1725 992 1776 Filium,
1034 1738 1074 1767 et
1104 1725 1311 1782 Spiritum
1351 1738 1544 1768 sanctum
1577 1726 1682 1766 inte—

241 1817 372 1854 gram,
390 1803 578 1857 plenam,
607 1804 854 1859 perfectam,
885 1818 994 1858 quae
1015 1803 1123 1845 nihil
1143 1804 1366 1853 diversum,
1401 1803 1568 1859 nihil9)
1600 1805 1683 1845 dis-

242 1895 420 1936 crepans
452 1891 524 1921 aut
556 1892 802 1921 extraneum
831 1879 875 1920 in
907 1879 1094 1921 trinitate
1122 1882 1361 1936 profitetur.
1421 1881 1531 1921 Nam
1565 1881 1683 1921 Mar-

243 1955 357 2007 cion,
390 1956 463 2013 qui
495 1956 626 1998 alium
658 1956 761 2000 dicit
780 1957 851 2013 ¹⁰)
881 1957 1026 2000 Deum
1055 1958 1168 2011 legis,
1201 1959 1332 2001 alium
1351 1958 1522 2000 Patrem
1554 1957 1679 1999 Chri-

361 2140 405 2196 ¹)
437 2139 564 2181 Rom.
594 2139 668 2189 III,
697 2140 766 2184 31.

355 2209 403 2268 2)
435 2211 567 2253 Deest
595 2209 796 2267 „aliquo“
828 2210 874 2253 in
906 2212 970 2253 ed.
1002 2208 1150 2251 Ruaei.

355 2286 403 2342 ³)
434 2286 761 2330 Genebrardus:
793 2288 1043 2340 „ostenditf‘
1072 2287 1199 2330 Male.
1230 2286 1280 2327 R.

355 2355 402 2412 ⁴)
432 2356 543 2399 Edd.
575 2357 770 2400 Merlini:
812 2360 1010 2401 destrues.

355 2426 401 2482 ⁵)
431 2427 559 2468 Rom.
590 2427 667 2477 III,
694 2429 763 2473 31.

351 2496 399 2553 ⁶)
433 2497 563 2540 Rom.
592 2498 668 2549 111,
698 2500 765 2542 20.

356 2566 403 2623 ⁷)
433 2566 510 2607 Ev.
544 2568 705 2609 Joann.
737 2569 787 2618 V,
816 2568 884 2611 46-

353 2636 400 2692 8)
432 2638 516 2680 Sic.
547 2637 647 2680 Mss.
680 2649 720 2678 et
747 2637 961 2680 Rabanus.
993 2639 1333 2703 Editixe1o(e
1368 2655 1400 2680 c.
1438 2641 1534 2680 edd.
1564 2639 1649 2687 M.)

240 2693 409 2743 ,Fidere
440 2706 581 2736 autem
613 2695 792 2736 dicimus
824 2721 877 2726 --
911 2708 1121 2745 sanctum,
1151 2697 1225 2752 qui
1256 2695 1459 2751 integiam
1480 2697 1677 2738 substan-

241 2751 356 2801 tiam,
385 2751 573 2806 plenam,
604 2753 851 2806 perfectam,
882 2751 981 2807 qui“
1012 2764 1086 2794 etc.
1120 2752 1168 2795 Pu

357 2818 403 2874 9)
435 2820 546 2862 Edd.
576 2820 773 2862 Mcrlini:
805 2822 877 2862 nil.

335 2891 406 2947 ¹⁰)
437 2891 547 2933 Edd.
577 2890 772 2933 Merlini:
803 2893 947 2935 Deum
979 2893 1091 2936 dicit.
