1788 3111
523 121 964 164 COMMENTARIORUM
991 119 1082 161 Lm.
1110 120 1163 164 11.
1470 122 1553 165 149

137 250 312 278 omnem
342 236 581 277 modum:“
610 235 687 276 ubi
715 249 815 274 vero
833 231 1000 273 venitur
1019 232 1073 273 ad
1102 233 1246 284 fidem,
1276 244 1323 275 ut
1352 249 1399 276 ex
1429 250 1551 277 com-

134 312 359 370 paratione
388 312 587 362 dixerim,
624 311 782 351 hahent
813 308 1053 365 amplius¹)
1087 308 1242 352 Gentes
1279 312 1486 361 „multum
1503 311 1550 368 2)

134 406 213 446 per
246 407 417 432 omnem
454 391 673 430 modum.“
729 386 1052 441 Requirendum
1092 403 1194 428 sane
1232 399 1314 438 est,
1353 388 1388 430 si
1426 388 1550 430 etiam

137 467 355 509 Samaritis
386 467 615 508 dicendum
655 475 714 506 est
752 463 901 519 primis
940 462 1097 504 credita
1135 480 1220 505 esse
1256 464 1425 519 eloquia
1454 465 1552 515 Dei,

136 544 341 598 quoniam
377 543 548 598 quidem
581 541 705 583 etiam
737 541 853 595 apud
873 540 984 595 ipsos
1004 540 1069 580 lex
1091 540 1226 582 Mosis
1254 540 1411 582 servari
1434 542 1550 582 vide—

134 633 215 662 tur.
275 621 360 662 Sed
389 621 469 662 illis
500 634 577 670 ego
608 634 663 659 ne
690 618 827 673 ipsam
860 617 1032 672 quidem
1070 617 1258 668 literam,
1297 634 1406 673 quae
1437 618 1551 659 oeci-

135 700 236 739 dere
273 697 446 746 dicitur,
486 696 689 736 creditam
731 694 917 735 dixerim.
976 693 1094 735 Dicit
1124 693 1237 735 enim
1277 696 1331 736 de
1368 695 1417 736 iis
1446 712 1551 750 pro-

134 776 285 830 pheta:
317 789 416 824 „vae
432 772 478 828 3)
509 772 593 823 his,
624 772 696 827 qui
725 783 931 827 spernunt
959 783 1150 812 montem
1183 770 1314 821 Sion,
1346 782 1384 812 et
1415 773 1552 812 confi-

134 853 243 893 dunt
280 851 325 891 in
362 861 509 890 monte
524 849 568 903 4)
612 848 882 890 Sama1·iae:“
925 847 1006 904 ipsi
1045 847 1206 903 quippe
1242 863 1286 888 se
1325 847 1484 889 alienos
1527 864 1551 888 a

133 928 262 969 literis
293 927 377 967 Dei
405 927 566 967 faciunt
608 925 879 981 repudiantes
914 925 1157 980 prophetas.
1218 924 1305 965 Sed
1337 936 1376 965 et
1404 925 1552 966 haere-

132 1005 244 1054 ticis,
287 1003 360 1059 qui
398 1003 664 1058 iniquitatem
701 1001 999 1057 loquuntur5)
1037 1001 1082 1042 in
1111 1003 1359 1052 Excelsum,
1398 1013 1437 1042 et
1478 1001 1553 1057 qui

131 1081 348 1137 impietate
376 1097 450 1122 sua
483 1081 677 1122 dividunt
703 1079 908 1120 unitatem
937 1078 1128 1128 Deitatis,
1159 1091 1198 1120 et
1229 1080 1302 1135 qui
1330 1080 1465 1130 legem
1496 1079 1551 1119 ab

132 1158 369 1210 Evangeliis
398 1169 606 1213 separant,
636 1174 726 1198 non
758 1155 934 1197 dixerim
967 1155 1124 1197 credita
1157 1173 1241 1198 esse
1269 1156 1437 1212 eloquia
1453 1156 1553 1206 Dei,

131 1252 212 1291 pro
245 1251 320 1285 eo,
349 1236 468 1290 quod
503 1234 642 1275 divina
674 1234 789 1288 apud
820 1249 891 1274 eos
921 1233 1142 1274 volumina
1176 1233 1304 1285 relegi
1334 1233 1552 1284 videntur;

133 1314 205 1354 sed
238 1312 335 1367 quia
363 1311 472 1352 nihil
500 1311 545 1352 in
563 1310 625 1352 his
645 1309 830 1351 sentiunt
857 1309 1088 1364 spirituale,
1114 1310 1221 1351 nihil
1241 1309 1338 1350 Deo
1362 1309 1551 1360 dignum,

134 1390 271 1431 solam
289 1388 334 1443 6)
365 1389 480 1443 apud
515 1404 586 1428 eos
623 1388 793 1435 locum,
835 1402 943 1441 quae
973 1386 1150 1436 occidit,
1189 1387 1348 1426 habere
1384 1386 1550 1426 literam

135 1465 324 1506 dixerim.
383 1465 542 1504 Verum
578 1464 612 1504 si
649 1465 759 1504 forte
789 1463 945 1504 Judaei
983 1462 1182 1517 nolint7)
1212 1462 1402 1517 recipere
1430 1463 1550 1517 Apo-

133 1543 230 1583 stoli
259 1541 392 1583 nostri
421 1541 691 1589 sententiam,
730 1555 836 1594 quae
867 1537 1049 1595 dicit‚⁸)
1092 1538 1191 1594 quia
1224 1538 1411 1588 „litera“
1449 1540 1550 1591 legis

132 1617 363 1668 „occidit“,
395 1629 434 1657 et
462 1614 662 1672 injuriam
692 1627 842 1671 putent
870 1616 950 1666 legi
978 1614 1092 1663 fieri,
1128 1614 1163 1656 si
1191 1617 1427 1656 secundum
1456 1617 1549 1657 lite-

133 1711 225 1735 ram
263 1693 407 1749 sperni
443 1693 654 1733 videatur:
702 1702 963 1732 revertamur
1006 1692 1061 1732 ad
1106 1691 1246 1746 ipsum
1285 1690 1462 1742 BIosen,
1511 1705 1550 1734 et

131 1770 438 1825 videamus,⁹)
476 1770 566 1824 ipse
602 1785 731 1824 quam
767 1769 910 1820 magni
939 1769 1088 1810 feceri-1:
1122 1768 1289 1809 literam
1315 1769 1435 1820 legis:
1477 1770 1551 1825 qui

134 1864 232 1888 cum
272 1847 497 1902 accepisset
534 1846 698 1887 tabulas
726 1845 913 1900 lapideas
932 1845 1001 1900 ¹⁰)
1040 1845 1261 1901 inscriptas
1291 1847 1419 1898 digito
1450 1848 1549 1899 Dei,

131 1935 298 1965 tantum
328 1923 507 1964 honoris
541 1923 689 1964 detulit
725 1922 871 1963 literae
902 1922 1022 1975 legis,
1061 1935 1108 1964 ut
1144 1921 1462 1980 projiceret¹¹)
1496 1928 1549 1967 de

131 2000 328 2041 manibus
356 2000 439 2041 suis
467 2002 651 2050 tabulas,
691 2010 731 2040 et
761 1999 1072 2041 comminueret
1100 2001 1274 2056 quidem
1305 2002 1433 2053 digito
1465 2002 1549 2044 Dei

131 2075 326 2132 scriptas,
363 2092 444 2116 nec
480 2088 624 2117 tamen
653 2094 734 2132 pro
765 2077 850 2117 hoe
890 2077 1116 2132 impictatis
1143 2079 1267 2134 culpa
1291 2089 1461 2121 notatus
1487 2079 1547 2122 sit.

252 2235 295 2290 ¹)
327 2235 458 2276 Deest
486 2235 718 2290 „amplius“
748 2235 792 2276 in
825 2237 920 2277 edd.
950 2235 1010 2277 M.

248 2305 295 2351 ²)
326 2305 452 2346 Rom.
483 2305 557 2354 III,
584 2307 623 2347 2.
741 2305 787 2360 3)
819 2308 964 2348 Amos.
994 2306 1068 2357 VI,
1098 2311 1137 2352 1.

248 2374 296 2431 4)
325 2374 437 2416 Edd.
468 2375 663 2421 Merlini:
693 2375 738 2417 in
767 2388 974 2419 montem.

249 2445 295 2499 ⁵)
325 2444 480 2487 Psalm.
509 2445 704 2496 LXXIII,
731 2447 770 2490 8.
801 2446 1023 2504 (LXXII.)

161 2569 170 2578 ι
207 2569 216 2578 .
250 2514 296 2570 6)
325 2515 442 2555 Editi
477 2515 536 2569 (v.
561 2533 594 2556 c.
627 2518 721 2558 edd.
741 2517 852 2570 M.):
882 2519 1043 2568 „solam
1073 2518 1188 2574 apud
1220 2534 1305 2569 eos,
1335 2536 1444 2576 quae
1473 2537 1546 2563 oc-

135 2572 255 2619 c1d1t,
284 2571 432 2612 haberi
461 2572 652 2613 literam“
684 2585 758 2616 etc.
794 2574 846 2614 R.

249 2639 294 2692 7)
323 2640 436 2682 Edd.
467 2641 664 2685 Merlini:
695 2644 871 2685 nollent.
989 2644 1035 2699 8)
1065 2644 1105 2684 II
1137 2644 1237 2686 Cor.
1264 2644 1339 2694 III,
1367 2645 1406 2688 6.

249 2709 300 2774 9)
326 2710 441 2752 Editi
470 2711 528 2767 (e.
559 2729 592 2753 c.
616 2715 710 2755 edd.
733 2714 842 2770 Μ.);
873 2727 940 2766 „et
968 2715 1196 2764 videamus,
1226 2731 1353 2770 quam
1382 2716 1546 2768 magni-

133 2766 319 2807 ficaverlt
346 2767 535 2808 literam“
566 2781 640 2810 ete.
682 2772 732 2812 R.

227 2834 299 2889 ¹⁰)
330 2835 467 2877 Exod.
497 2838 661 2891 XXXI,
690 2840 756 2883 18.
876 2841 914 2865 1¹
926 2840 946 2896 >
977 2842 1112 2884 Exod.
1143 2841 1328 2893 XXXII,
1357 2843 1422 2886 19.
