1788 3111
522 127 960 170 COMMENTAmonUM
990 127 1081 169 Lm.
1107 127 1159 168 II.
1466 126 1544 170 121

134 255 276 283 sensus
306 238 440 295 recipi
469 240 641 288 debeat,
669 240 810 281 videto
843 238 965 280 etiam
995 250 1062 289 tu,
1093 239 1166 295 qui
1193 239 1314 291 legis,
1342 239 1545 295 quoniam

136 316 311 371 quidem
341 316 429 372 ipse
457 317 686 372 Apostolus
723 316 966 370 profitetur,
986 314 1028 372 ¹)
1067 332 1112 358 se
1139 316 1312 358 Judaeis
1351 315 1440 358 fieri
1470 316 1550 357 Ju-

137 394 316 444 dacum,
354 405 393 434 ct
425 393 499 442 his,
531 391 603 448 qui
631 391 722 434 sine
750 393 840 444 lege
866 404 984 443 sunt,
1024 393 1141 448 quasi
1162 392 1208 449 ²)
1240 392 1313 448 qui
1340 392 1430 434 sine
1456 393 1549 444 lege

135 472 199 520 sit,
233 482 271 512 et
302 471 498 512 omnibus
519 468 663 510 omnia
689 469 806 522 fit,3)
838 481 884 510 ut
906 486 1052 511 omnes
1072 469 1326 511 lucrifaciat:
1354 484 1410 509 ne
1438 470 1550 510 forte

136 545 372 603 propterea
411 547 480 588 hic
521 544 710 586 videatur
757 544 977 597 indulgere
1014 547 1187 588 Judaeis
1230 562 1300 594 ea,
1348 561 1457 600 quae
1493 546 1549 586 ad

139 624 308 666 Galatas
337 624 523 667 scribens
553 621 636 671 hi3‚
667 621 739 678 qui
771 638 817 663 ex
849 622 1053 666 Gentibus
1085 622 1364 671 crediderant,
1383 620 1428 676 4)
1457 638 1548 662 non

134 698 334 751 indulget.
391 699 509 740 Dicit
539 699 676 739 enim:
715 698 839 755 „quia
861 699 905 753 5)
943 699 976 741 si
1007 699 1393 748 circumcidamini,
1425 698 1550 739 Chri-

135 788 219 818 stus
251 775 367 818 vobis
397 776 502 818 nihil
531 775 762 831 prode1·it.“
807 776 922 817 Nihil
943 791 1040 827 ergo
1073 776 1336 832 proderatfi)
1368 777 1550 818 circum-

137 852 237 894 cisio
269 852 352 902 his,
383 852 455 908 qui
487 869 533 894 ex
564 869 611 894 ea
642 852 909 908 putabant7)
950 853 1110 908 aliquid
1148 852 1454 910 justificationis
1486 868 1550 892 as-

135 930 266 972 sumi:
295 932 500 985 proderat
529 941 669 970 autern
700 929 776 977 his,
807 929 877 984 qui
908 931 1116 984 putabant
1146 930 1224 970 sibi
1256 931 1309 971 ad
1334 928 1549 970 Christum

132 1022 225 1046 non
262 1022 349 1048 esse
375 1006 653 1055 veniendum,
689 1006 721 1048 si
758 1006 807 1047 iis
847 1006 1151 1049 circumcidere
1188 1006 1298 1047 filios
1330 1016 1548 1046 vetaretur.

133 1081 271 1124 Erant
299 1083 412 1125 enim
443 1083 642 1125 nonnulli
671 1083 715 1124 in
745 1082 892 1133 initiis,
923 1084 996 1138 qui
1026 1083 1389 1124 circumcisionem
1420 1080 1551 1123 veluti

133 1158 296 1211 insigne
323 1161 596 1201 vernaculum
627 1160 758 1211 gentis
786 1176 885 1201 suae
914 1159 1049 1201 nimio
1081 1176 1227 1202 amore
1254 1170 1477 1208 servarent,
1511 1170 1551 1200 et

134 1235 334 1292 impediri
365 1236 618 1277 videbantur
645 1253 668 1278 a
700 1238 805 1286 fide,
844 1237 877 1278 si
914 1236 1058 1293 11068)
1100 1237 1150 1278 iis
1192 1248 1420 1284 vetaretur,
1461 1252 1546 1290 quo

137 1329 278 1354 carere
316 1329 406 1354 non
444 1325 653 1368 poterant.
718 1313 832 1364 Ergo
864 1313 1028 1354 videtur
1059 1315 1289 1368 Apostolus
1320 1314 1373 1354 ad
1403 1311 1550 1369 hujus-

135 1390 257 1431 modi
285 1390 479 1431 homines
518 1390 678 1439 dicere,
716 1406 770 1430 ne
810 1389 857 1430 iis
890 1389 989 1430 fidei
1019 1387 1190 1445 januam
1222 1391 1410 1437 claudat,
1450 1389 1549 1444 quia

135 1465 422 1516 „circumcisio
442 1465 487 1518 ⁹)
517 1468 704 1522 prodest,
733 1466 766 1507 si
795 1467 926 1516 legem
952 1465 1180 1507 custodias:
1211 1465 1244 1507 si
1264 1458 1402 1506 anterii
1425 1481 1549 1520 prae-

132 1541 342 1584 varicator
370 1543 468 1594 legis
498 1544 571 1593 sis,
604 1543 866 1584 circumcisio
898 1554 967 1582 tua
998 1542 1267 1598 praeputium
1296 1544 1404 1583 facta
1437 1547 1550 1584 est:“

134 1636 158 1661 e
190 1619 403 1660 contrario
448 1631 585 1660 autem
626 1619 659 1661 si
699 1620 914 1660 credentes
946 1635 991 1658 ex
1027 1618 1233 1660 Gentibus
1273 1622 1327 1661 ad
1366 1619 1548 1661 circum-

134 1695 336 1738 cisionem
369 1708 641 1747 cogerentur,
682 1694 783 1736 fidei
816 1693 968 1736 Christi
1010 1707 1049 1735 et
1085 1696 1394 1750 praedicationi
1430 1696 1549 1737 verbi

132 1773 225 1815 fieri
263 1774 474 1813 videretur
519 1771 687 1828 injuria.
766 1772 852 1812 Sed
895 1783 933 1812 et
977 1771 1080 1813 illud
1125 1774 1436 1814 observandum
1478 1784 1548 1822 est,

133 1851 273 1905 quod,
304 1866 399 1890 cum
441 1848 609 1889 dixerit:
649 1846 1040 1902 „circumcisio¹⁰)
1079 1850 1250 1903 quidem
1282 1850 1477 1904 prodest,
1514 1849 1548 1890 si

130 1927 267 1978 legem
299 1924 565 1967 custodias:“
604 1941 695 1965 non
728 1924 911 1966 addidit:
949 1925 981 1966 si
1014 1936 1151 1966 autem
1182 1942 1273 1966 non
1315 1926 1547 1967 custodias:

130 2002 239 2045 sicut
269 2017 527 2056 consequens
564 2002 806 2053 videbatui-3
844 2003 917 2041 sed
957 2001 1033 2041 ait:
1072 2002 1131 2051 „si
1165 2013 1304 2043 autem
1335 2001 1548 2057 praevari-

133 2090 253 2120 cator
281 2078 332 2121 sis
361 2078 500 2128 legis.“
545 2078 593 2118 In
619 2094 704 2132 quo
729 2077 925 2125 ostendit,
957 2078 1070 2118 aliud
1092 2094 1188 2126 esse,
1217 2095 1306 2119 non
1336 2079 1548 2120 custodire

131 2156 280 2207 legem,
309 2154 425 2196 aliud
457 2152 736 2209 praevaricari
762 2151 830 2206 ¹¹)
859 2153 1005 2203 legem.
1062 2153 1173 2194 Nam
1205 2167 1244 2196 et
1272 2154 1429 2197 Paulus
1457 2154 1546 2211 ipse

249 2287 292 2344 ¹)
322 2288 340 2327 I
372 2286 471 2329 Cor.
499 2287 574 2336 IX,
603 2288 800 2330 20—22.

245 2355 292 2413 ²)
322 2357 438 2399 Editi
468 2356 527 2413 (e.
559 2374 593 2397 c.
625 2359 720 2398 edd.
751 2356 857 2412 M.):
889 2358 1032 2414 „quasi
1061 2357 1149 2400 sine
1176 2360 1265 2410 lege
1291 2359 1379 2401 sit.“
1420 2358 1470 2399 R.

242 2426 288 2482 3)
320 2427 399 2468 Ed.
430 2428 489 2469 M.
520 2428 559 2468 I:
591 2428 704 2479 ‚‚sit.“
766 2427 852 2469 Cfr.
881 2429 899 2468 I
934 2429 1032 2470 Cor.
1065 2430 1140 2478 IX,
1170 2432 1238 2472 22.

247 2496 291 2552 ²²)
322 2497 432 2538 Edd.
461 2497 656 2539 Merlini:
690 2499 970 2540 crediderunt.
1089 2499 1133 2552 ⁵)
1167 2499 1304 2541 Galat.
1335 2498 1386 2549 V,
1414 2500 1453 2541 2.

243 2565 289 2621 ⁶)
319 2567 430 2608 Edd.
460 2568 634 2609 Merlini
665 2570 704 2609 h.
736 2570 761 2609 l.
795 2581 833 2609 et
861 2569 991 2623 paulo
1025 2580 1139 2624 post:
1171 2570 1358 2625 prodest.

244 2637 290 2683 ⁷)
321 2636 430 2679 Edd.
461 2638 520 2677 M.
548 2638 587 2678 h.
616 2639 642 2678 l.
676 2650 714 2679 et
743 2639 874 2693 paulo
907 2650 1020 2692 post:
1051 2650 1213 2694 putant.

245 2703 292 2759 8)
324 2706 452 2748 Deest
481 2707 617 2757 ‚,h0c“
651 2708 693 2749 in
726 2707 847 2748 editis
878 2707 935 2762 (e.
968 2726 1000 2748 c.
1033 2709 1074 2748 in
1110 2709 1204 2748 edd.
1234 2707 1330 2763 M.)
1363 2707 1412 2748 R.

246 2772 292 2828 9)
322 2775 447 2816 Rom.
477 2777 529 2826 ΙΙ,
560 2779 627 2820 25.
749 2777 820 2832 ¹⁰)
853 2777 978 2818 Rom.
1007 2777 1058 2825 ll,
1087 2777 1153 2818 25.

221 2842 292 2897 ΙΙ>
320 2844 429 2886 Edd.
460 2846 654 2891 Merlini:
686 2846 986 2902 praevaricare.
