1788 3111
527 112 968 168 CommnsrAmonim
997 124 1088 167 Lm.
1114 123 1167 164 ΙΙ.
1500 125 1553 170 91

138 255 208 282 me
239 255 450 296 spernam.
509 237 596 280 Sed
627 248 667 278 et
703 237 745 278 in
781 236 865 278 alio
899 237 1000 278 loco
1030 252 1109 292 per
1136 235 1392 292 prophetam
1421 236 1560 280 simile

140 316 244 372 quid
265 315 428 357 videtur
459 315 623 357 ostendi
652 314 696 356 in
730 330 797 364 eo,
827 315 944 369 quod
965 312 1006 369 ¹)
1038 313 1094 363 hi,
1124 312 1197 369 qui
1216 324 1316 353 eunt
1335 311 1379 354 in
1402 313 1557 364 ignem,

138 410 230 435 non
263 410 282 434 a
317 393 435 443 Deo,
474 394 547 434 sed
585 408 607 433 a
637 403 770 434 semet
810 391 911 446 ipsis
941 407 1038 432 eum
1075 389 1292 431 inveniant
1320 406 1559 440 accensum,

138 469 246 512 sicut
278 470 379 512 dicit
407 470 569 512 Esaias:
599 469 680 519 „ite
695 467 739 524 ²)
771 468 815 510 in
831 467 877 524 3)
907 468 1071 509 lumine
1091 466 1196 518 ignis
1218 465 1354 516 vestri,
1388 478 1426 507 et
1452 468 1495 508 in
1511 467 1558 523 ⁴)

140 548 335 597 flamma,
371 563 499 602 quam
531 545 814 587 accendistis.“
872 544 927 585 Et
957 556 1003 586 ut
1032 544 1172 585 adhuc
1201 542 1373 598 planior
1403 544 1560 585 horum

141 625 214 665 fiat
244 623 459 672 dissertio,
501 624 712 664 addentur
743 622 866 663 etiam
907 622 1032 662 haec:
1074 620 1109 661 si
1139 620 1231 676 quis
1261 631 1409 660 contra
1438 636 1561 675 prae-

141 712 309 756 ceptum
340 699 495 744 medici
535 699 679 742 sumtis
718 700 932 741 malorum
966 698 1163 739 ciborum
1192 696 1346 745 succis,
1387 707 1428 736 et
1467 713 1561 737 cor-

140 778 257 834 poris
286 779 454 818 turbata
484 776 713 832 temperie,
743 777 807 816 vel
838 776 994 825 febres,
1025 776 1088 816 vel
1125 773 1339 830 quoslibet
1368 771 1563 828 hujusce-

140 854 262 895 modi
290 853 518 895 incurrerit
546 855 737 903 morbos,
767 864 927 893 certum
960 862 1033 901 est,
1061 851 1179 905 quod
1200 866 1290 890 non
1321 865 1398 905 per
1427 849 1564 890 medi-

141 947 264 981 cum,
309 931 384 972 sed
431 946 510 986 per
553 928 925 984 intemperantiam
976 944 1096 969 suam
1142 938 1302 982 pestem
1346 926 1564 977 languoris

143 1007 375 1063 acceperit3
399 1006 434 1049 si
464 1023 565 1048 vero
595 1005 754 1046 medici
782 1016 1010 1061 praecepta
1041 1003 1281 1045 custodiens
1300 1002 1343 1043 in
1367 1002 1564 1058 sospitate

140 1086 366 1142 perduret,
413 1084 562 1139 utique
600 1100 678 1139 per
720 1083 935 1123 medicum
984 1082 1146 1123 dicetur
1190 1081 1348 1121 habere
1388 1079 1564 1131 gratiam

141 1161 339 1203 sanitatis.
397 1159 497 1202 Hoc
542 1175 641 1212 ergo
683 1161 817 1201 modo
858 1170 1166 1214 consequenter
1200 1157 1414 1199 videbitur
1446 1157 1563 1199 Deus

140 1239 231 1295 ipse
259 1255 338 1294 per
365 1254 410 1280 se
438 1239 619 1279 reddere
648 1236 882 1293 unicuique
911 1237 1147 1279 seeundum
1176 1250 1307 1291 opera
1336 1251 1424 1282 sua,
1454 1250 1564 1289 quae

141 1318 258 1357 bona
297 1327 416 1358 sunt:
457 1315 571 1355 mala
611 1325 750 1355 autem
781 1313 925 1354 venire
962 1313 1248 1363 intelligentur
1275 1327 1368 1351 non
1397 1327 1418 1351 a
1451 1311 1564 1359 Deo,

141 1394 215 1435 sed
246 1409 293 1434 cx
330 1391 517 1448 pessimis
553 1390 903 1446 intemperantiae
939 1389 1073 1431 succis
1111 1400 1151 1429 et
1192 1389 1322 1429 cruda
1361 1386 1564 1442 pravitate

143 1481 369 1522 gestorum.
427 1469 588 1508 Verum
627 1479 667 1509 et
696 1468 780 1508 hoc
810 1467 973 1522 ipsum,
1016 1466 1133 1520 quod
1165 1464 1287 1504 dixit:
1325 1463 1486 1518 „qui⁵)
1518 1480 1564 1504 ex

145 1545 421 1587 contentione
451 1545 653 1586 diffidunt
681 1544 854 1600 quidem
885 1542 1060 1591 veritati,
1099 1542 1397 1596 obtemperant
1424 1552 1565 1582 autem

143 1620 394 1677 iniquitatI,“
422 1621 702 1663 indiscussum
732 1637 820 1661 non
856 1619 1109 1660 omittamus.
1167 1618 1215 1657 In
1245 1617 1307 1658 his
1340 1616 1452 1657 enim
1480 1617 1567 1667 sin-

143 1698 308 1754 gulis-⁶)
338 1699 563 1749 languores
584 1697 754 1753 quidam
780 1697 948 1737 animae
967 1695 1011 1749 7)
1035 1696 1086 1735 ab
1109 1695 1319 1749 Apostolo
1344 1693 1566 1745 designan-

144 1788 227 1826 tur,
263 1792 448 1832 quorum
479 1774 690 1816 medelam
721 1774 863 1815 nullus
893 1771 1098 1820 inveniet,
1127 1770 1209 1812 nisi
1238 1770 1356 1826 prius
1386 1772 1566 1811 morbo-

145 1869 242 1894 rum
282 1851 527 1902 cognoverit
566 1867 718 1891 causas.
776 1849 832 1889 Et
868 1850 967 1890 ideo
1002 1849 1046 1889 in
1065 1848 1111 1905 8)
1148 1848 1295 1889 divinis
1335 1848 1566 1903 Scripturis

147 1928 426 1980 aegritudines
455 1927 622 1968 animae
651 1939 944 1975 numerantur,
977 1938 1016 1967 et
1044 1924 1233 1965 remedia
1258 1924 1567 1975 describuntur,

145 2017 193 2047 ut
220 2006 285 2055 hi,
317 2006 389 2061 qui
416 2021 460 2047 se
487 2003 746 2059 Apostolicis
775 2002 1043 2045 subdiderint
1072 2000 1316 2057 disciplinis,
1337 2001 1382 2055 9)
1414 2017 1460 2041 ex
1491 2001 1566 2050 his,
1599 2004 1607 2010 ’

148 2099 258 2138 quae
286 2082 442 2137 scripta
470 2092 586 2130 sunt,
621 2080 767 2132 agnitis
797 2080 1072 2132 languoribus
1100 2079 1203 2128 suis,
1243 2077 1377 2118 curati
1405 2077 1567 2132 possint

267 2206 310 2261 ¹)
341 2206 447 2247 Msc.
483 2205 585 2257 Reg.
626 2222 742 2246 num.
783 2205 904 2248 1639.
953 2205 1107 2259 „quod
1150 2201 1286 2258 iniqui
1326 2214 1472 2244 euntes
1521 2202 1566 2243 in

127 2264 324 2321 *ignemf‘
369 2261 536 2303 Caeteri
553 2277 652 2302 vero
674 2260 786 2310 Mss„
814 2261 1027 2310 Rabanus,
1047 2271 1086 2300 et
1109 2259 1209 2301 editi
1233 2262 1292 2314 (e.
1313 2276 1345 2301 c.
1367 2260 1463 2301 edd.
1482 2259 1567 2313 Μ.)

148 2331 195 2362 ut
222 2319 267 2360 in
297 2331 444 2360 nostro
476 2330 602 2360 textu.
642 2318 689 2358 R.

264 2388 311 2445 ²)
343 2389 427 2429 Jes.
458 2388 503 2436 L,
534 2389 599 2430 11.

264 2459 310 2513 3)
341 2459 402 2499 lta
433 2459 528 2500 Mss.
561 2471 600 2499 et
634 2458 732 2499 editi
762 2457 822 2512 (e,
856 2473 890 2497 c.
922 2457 1017 2496 edd.
1049 2454 1145 2509 M..)
1210 2454 1413 2496 Rabanus
1444 2472 1567 2496 vcro:

151 2516 255 2566 „ite,
285 2515 525 2556 illuminate
554 2516 668 2566 ignes
699 2526 877 2560 vestros,
908 2523 947 2552 et
976 2513 1222 2553 flammam“
1252 2522 1328 2552 etc.
1367 2511 1416 2551 R.

267 2583 313 2639 ⁴)
343 2585 472 2626 Deest
503 2585 598 2635 „in“
630 2585 674 2625 in
706 2586 770 2625 ed.
802 2582 948 2623 Ruaci.
1071 2581 1114 2635 ⁵)
1147 2581 1272 2621 Rom.
1303 2580 1356 2628 II,
1385 2582 1424 2623 8.

267 2655 313 2707 6)
343 2655 423 2696 Ed.
454 2655 513 2696 M.
545 2655 595 2697 Il.
622 2653 840 2705 ‚‚singuli.“
959 2652 1003 2706 7)
1031 2652 1141 2692 Edd.
1172 2649 1365 2690 Merlini:
1397 2650 1538 2691 animi.

267 2723 313 2778 ⁸)
343 2724 456 2766 Edd.
488 2723 685 2766 Merlini:
715 2723 761 2764 in
789 2723 1008 2779 scripturis
1039 2721 1199 2763 divinis.

155 2793 650 2892 ΊΙἩέιιρε))Β(-Ῐιεηε’,Ιη-ειιηίιιε
689 2794 900 2850 (itemque
940 2793 1004 2833 ed.
1041 2790 1101 2831 M.
1132 2790 1230 2843 Il.):
1273 2790 1568 2847 ,‚discipulis.“
