1788 3111
197 117 284 160 350
538 113 760 156 Omemus
789 126 834 156 m
863 114 942 155 EP.
973 126 1033 157 An
1065 109 1303 157 Romtmos'

198 228 427 270 videamus.
492 227 547 269 Et
583 228 774 285 quamvis
818 229 1108 284 periculosum
1148 227 1363 279 videatur,
1407 245 1478 279 ea,
1519 245 1628 287 quae

199 305 407 347 occultius
435 305 480 347 in
512 306 708 361 Apostoli
748 305 913 362 scriptis
951 305 1090 363 posita
1119 317 1239 355 sunt,
1277 306 1536 362 patefacere,
1563 318 1626 349 ta-

199 400 311 433 men,
342 399 423 440 qua
461 399 508 424 ex
546 394 669 439 parte
697 383 900 439 possibile
930 395 1011 436 est,
1046 382 1204 425 indicia
1241 384 1452 440 quaedam
1485 400 1532 426 ex
1562 385 1626 427 his

198 460 364 501 divinae
412 459 613 503 bonitatis
655 461 858 512 colligere
906 477 997 503 non
1047 473 1153 517 puto
1195 461 1429 503 absurdum
1478 461 1624 504 videri.

195 538 431 594 Proposuit
461 538 694 593 Apostolus
727 539 965 588 ostendere,
1004 538 1108 595 quid
1142 538 1333 579 humano
1375 538 1520 589 generi
1556 538 1624 580 in-

196 615 339 657 tulerit
366 615 558 672 „primus
578 613 620 670 ¹)
649 616 831 665 Adam,“
862 616 936 671 qui
966 617 1126 666 „factus
1168 627 1226 657 cst
1265 615 1311 657 in
1346 615 1534 657 animam
1563 615 1624 658 vi-

195 699 334 744 vam;⁸‘
366 693 470 749 quid
501 692 626 734 etiam
656 694 893 742 „secundus
926 694 1105 743 Adam‚“
1135 691 1210 748 qui
1241 703 1298 733 est
1326 691 1397 742 „in
1427 692 1622 748 spiritum

194 769 514 811 vivificantem.“
573 769 636 810 Ex
666 770 796 820 illius,
835 770 1047 826 inquit,²)
1077 769 1442 827 praevaricatione
1469 786 1623 826 pecca-

193 858 285 887 tum
319 847 528 903 apparuit,
560 859 599 888 et
627 863 707 903 per
735 860 961 903 peccatum
987 865 1103 890 mors
1120 849 1303 899 ingressa
1323 847 1447 888 estin
1474 864 1624 890 omnes

194 924 410 966 homines:
450 923 563 975 imo,
607 937 655 966 ut
700 942 913 967 servemus
951 924 1075 966 Pauli
1111 925 1240 967 literis
1277 923 1621 966 moderationem

191 1017 325 1050 suam,
356 1016 484 1057 quam
514 1000 559 1041 in
589 1002 800 1057 praesenti
830 1003 929 1044 loco
976 1001 1185 1057 tenuit,³)
1215 1002 1260 1043 in
1290 1003 1448 1044 multos
1478 1003 1621 1043 homi-

191 1094 266 1120 nes
310 1095 428 1120 mors
475 1079 729 1135 pertransiit.
806 1080 890 1121 Per
928 1079 1219 1121 obedientiam
1239 1078 1283 1135 ⁴)
1323 1095 1421 1121 vero
1465 1078 1623 1120 Christi

190 1153 447 1211 justificatio,
478 1167 518 1197 et
545 1173 624 1212 per
652 1155 996 1213 justificationem
1027 1157 1110 1199 vita
1139 1158 1276 1199 multo
1302 1157 1433 1208 magis
1446 1157 1494 1198 in
1522 1157 1620 1212 plu-

190 1248 255 1273 res
287 1233 530 1276 abundavit.
587 1233 642 1274 Et
673 1235 898 1275 ostendere
928 1235 1027 1285 vult,
1061 1235 1180 1291 quod
1220 1234 1357 1275 multo
1388 1233 1441 1275 sit
1465 1233 1622 1274 fortior

191 1309 271 1350 vita
304 1325 432 1364 quam
464 1327 596 1362 mors,
627 1324 666 1353 et
693 1310 847 1370 justitia
889 1329 1015 1368 quam
1046 1323 1294 1368 peccatum:
1334 1322 1375 1352 et
1411 1328 1490 1368 pex-
1534 1311 1620 1351 hoc

191 1388 387 1437 edocere,
433 1389 532 1443 quia
576 1389 671 1446 si5)
717 1390 773 1431 ita
825 1401 1050 1445 peccatum
1101 1400 1142 1430 et
1185 1405 1303 1430 mors
1348 1404 1526 1441 regnare
1573 1387 1619 1428 in

191 1465 392 1506 omnibus
452 1466 617 1521 potuit,
673 1467 884 1523 accipiens
944 1484 993 1509 ex
1043 1467 1169 1509 unius
1218 1465 1406 1508 hominis
1463 1464 1619 1506 inobe-

188 1541 347 1584 dientia
376 1542 568 1594 initium,
609 1557 770 1600 quanto
801 1545 1017 1602 potentius
1047 1557 1087 1586 et
1117 1544 1282 1597 dignius
1310 1560 1389 1600 per
1416 1541 1619 1600 justitiam

187 1619 268 1661 vita
309 1620 523 1672 regnabit,
565 1622 734 1663 initium
786 1621 998 1678 accipiens
1040 1638 1118 1678 per
1160 1622 1287 1665 unius
1329 1619 1618 1663 obedientiam

189 1695 424 1752 Clu-ist1;⁵)
458 1697 636 1748 Christi,
668 1698 866 1755 inquam,
896 1699 969 1755 qui
1000 1700 1054 1741 ad
1084 1699 1169 1740 hoc
1203 1716 1310 1755 opus
1340 1716 1432 1740 non
1463 1698 1618 1740 condi-

184 1773 312 1815 tionis
341 1775 606 1825 necessitate,
642 1778 717 1817 sed
756 1778 847 1818 sola
879 1775 1153 1818 miseratione
1185 1781 1405 1832 permotus
1437 1775 1616 1817 accessit.

183 1850 320 1907 „ln⁷)
361 1853 529 1893 sorma“
570 1852 685 1893 enim
725 1852 862 1903 „Dei“
892 1863 999 1903 erat,
1031 1865 1071 1893 et
1099 1852 1244 1894 videns
1274 1853 1398 1894 unius
1429 1851 1617 1893 hominis

186 1929 340 1970 delicto
369 1941 555 1970 mortem
585 1944 761 1982 regnare
790 1946 869 1986 per
897 1931 1100 1986 populos,
1144 1942 1362 1971 creaturae
1393 1945 1494 1971 suae
1523 1946 1615 1970 non

185 2005 460 2056 obliviscitur,
494 2023 574 2048 nec
603 2008 827 2063 „rapinam
868 2008 985 2049 ducit
1024 2023 1110 2050 esse
1138 2024 1181 2049 se
1212 2007 1434 2063 aequalem
1466 2006 1564 2047 Deo
1577 2011 1614 2046 :“

183 2083 268 2123 hoc
300 2094 372 2132 est,
399 2100 488 2124 non
519 2084 600 2126 sibi
630 2085 774 2136 magni
805 2084 968 2141 aliquid
998 2087 1196 2141 deputat,
1237 2086 1356 2141 quod
1396 2083 1488 2141 ipse
1518 2083 1612 2140 qui-

185 2161 283 2200 dem
322 2159 509 2215 aequalis
547 2160 645 2204 Deo
686 2173 725 2204 et
763 2179 900 2203 unum
942 2180 1039 2204 cum
1078 2162 1207 2204 Patre
1246 2172 1327 2211 cst,
1366 2177 1474 2216 opus
1511 2176 1612 2201 vero

182 2254 306 2278 suum
358 2237 602 2294 depascitur
644 2256 761 2281 mors
803 2239 927 2282 unius
975 2240 1162 2282 hominis
1207 2240 1392 2290 ingressa
1442 2236 1611 2279 delicto.

304 2402 346 2459 ι)
378 2404 395 2443 l
430 2403 532 2446 Cor.
563 2405 661 2455 XV,
689 2407 757 2449 45.
791 2408 887 2448 coll.
919 2405 1072 2448 Genes.
1102 2405 1156 2455 II,
1185 2407 1222 2449 7.

306 2472 352 2529 2)
386 2473 515 2517 Rom.
545 2475 596 2525 V,
630 2476 694 2519 12.
813 2475 860 2533 3)
894 2475 981 2518 Cfr.
1012 2477 1140 2518 Rom.
1171 2477 1222 2527 V,
1251 2476 1317 2519 15.

299 2543 345 2599 ⁴²)
379 2544 504 2585 Rom.
535 2545 589 2594 V,
619 2545 685 2587 19.

296 2612 341 2670 ⁵)
374 2615 486 2656 Alias
528 2613 588 2670 (v.
630 2632 664 2656 c.
702 2615 742 2656 in
785 2616 848 2655 ed.
883 2613 942 2655 M.
974 2614 1070 2670 ll.):
1098 2615 1158 2664 „si
1187 2614 1243 2656 ita
1276 2630 1355 2670 per
1385 2626 1607 2671 peccatum

179 2677 322 2713 mors“
355 2684 430 2712 etc.
466 2672 513 2714 R.
544 2696 596 2702 —-
626 2672 708 2712 Ed.
740 2672 801 2712 M.
833 2671 871 2711 I:
903 2672 962 2721 „si
990 2675 1047 2713 ita
1077 2683 1300 2727 peccatum
1331 2677 1473 2713 mors“
1503 2682 1579 2712 etc.
1618 2695 1621 2697 >

296 2741 341 2796 6)
373 2741 489 2783 Editi
531 2742 590 2797 (v,
622 2759 657 2783 c.
688 2743 781 2783 edd.
811 2740 918 2792 M.):
950 2741 1156 2792 „Christi;
1186 2740 1389 2790 Christus,
1417 2741 1606 2796 inquam,

180 2799 231 2839 ad
265 2797 348 2839 hoc
382 2804 518 2853 opus“
550 2811 625 2840 etc.
657 2798 755 2841 Mss.
787 2799 963 2854 quidam
982 2799 1111 2843 semel
1136 2798 1537 2850 habent„Christi.“
1557 2796 1604 2838 R.

299 2865 343 2922 7>
377 2867 562 2923 Philipp.
598 2868 649 2918 11,
677 2869 714 2910 6.
