1788 3111
197 123 254 167 94
534 119 756 162 Omenms
786 130 833 160 m
861 117 939 161 ΕΡ.
970 129 1029 160 An
1058 117 1284 161 Rommos

199 248 322 292 ptum
347 245 428 276 est:
458 233 587 288 ‚‚et¹)
615 224 807 289 dedit‚²)
836 231 987 289 inquit,
1017 232 1234 274 Dominus
1265 231 1494 276 Salomoni
1522 250 1627 291 pru-

201 313 389 355 dentiam
426 311 605 354 multam
638 311 783 360 valde,
821 321 862 351 et
901 310 1171 352 latitudinem
1212 310 1392 352 cordis.“
1458 311 1507 352 In
1543 311 1626 353 hac

200 406 302 443 ergo
331 401 578 432 sanctorum
610 387 753 430 cordis
788 386 1013 429 latitudine
1041 404 1130 429 non
1161 386 1303 429 solum
1333 387 1514 438 habitat,
1550 388 1626 430 sed

200 480 242 510 et
278 468 519 510 inambulat
546 465 679 507 Deus.
749 464 800 506 In
839 476 1118 521 peccatorum
1149 480 1250 506 vero
1293 463 1517 515 cordibus,
1551 464 1627 507 ubi

201 546 417 599 angustiae
455 555 571 593 sunt,
628 542 728 598 quia
773 543 918 583 locum
960 540 1232 598 dederunt³)
1273 540 1450 582 diabolo
1488 539 1628 591 ingre-

159 679 162 682 Δ
202 621 362 673 diendi,
392 620 628 674 ingreditur
657 620 830 676 quidem
852 619 1061 669 diabolus,
1080 619 1126 675 ⁴)
1154 622 1229 662 sed
1259 635 1351 660 non
1381 628 1428 659 ut
1456 616 1629 666 habitet,

200 716 342 756 neque
379 709 427 740 ut
461 698 720 748 inambulet3
757 697 973 750 angustiae
1012 696 1125 738 enim
1163 707 1282 738 sunt:
1318 696 1392 737 sed
1421 705 1469 736 ut
1502 694 1630 735 lateat

200 790 405 832 tanquam
441 775 486 817 in
531 791 732 827 caverna3
768 787 828 816 est
865 774 980 817 enim
1017 790 1203 830 serpens.
1262 773 1335 815 Sic
1372 787 1471 825 ergo
1510 771 1555 813 in
1584 786 1629 813 se

199 853 344 896 infelix
376 853 538 902 anima,
573 869 703 909 quam
742 851 947 908 pessimus
977 850 1046 893 hic
1084 851 1231 902 anguis
1269 849 1504 900 obsederit,
1541 864 1629 891 ser-

198 932 376 988 pentino
406 930 567 982 frigore
605 929 743 981 rigens
776 929 1001 971 attrahitur
1039 940 1079 970 et
1110 939 1375 977 coarctatur,
1418 938 1544 983 atque
1581 925 1627 967 in

203 1024 352 1050 omnes
383 1007 589 1058 angustias
619 1006 806 1057 cogitur:
837 1006 910 1047 illa
933 1023 1050 1056 vero,
1081 1022 1192 1063 quae
1222 1007 1493 1061 obtemperat
1520 1002 1629 1044 veri-

199 1085 287 1136 tati,
317 1085 450 1126 instar
480 1083 591 1125 coeli
621 1083 820 1125 dilatatur
850 1095 976 1140 atque
1007 1083 1285 1132 diffunditur,
1315 1093 1354 1123 et
1383 1081 1482 1123 solis
1510 1079 1630 1138 justi-

199 1163 283 1205 tiae
312 1163 548 1204 illustratur
568 1161 709 1211 radiis,
740 1172 781 1202 et
800 1162 894 1202 aula
913 1161 1144 1217 sapientiae
1163 1178 1211 1202 ac
1231 1158 1412 1201 veritatis
1435 1157 1630 1200 efficitur.

312 1240 352 1283 7.
385 1238 476 1280 Cur
507 1250 652 1281 tamen
681 1239 745 1280 ira
763 1237 809 1295 ⁵)
842 1250 882 1280 et
911 1238 1147 1291 indignatio
1171 1238 1342 1279 Judaeo
1371 1235 1561 1292 primum
1591 1246 1630 1276 et

202 1314 407 1359 Graeco?
450 1315 565 1370 Quia
595 1314 693 1370 οἰδ)
725 1314 859 1368 gloria
891 1327 931 1357 et
959 1316 1104 1356 honor
1132 1314 1231 1371 ipsis
1260 1313 1465 1370 primum.
1507 1312 1631 1356 Prius

200 1393 315 1437 enim
361 1393 442 1435 illis
483 1394 642 1434 credita
682 1392 840 1449 sunt7)
890 1393 1060 1449 eloquia
1101 1392 1206 1442 Dei,
1259 1403 1299 1433 et
1342 1392 1423 1448 ipsi
1461 1391 1629 1433 dicunt:

198 1470 399 1527 „beati⁸)
428 1487 574 1513 sumus
603 1471 745 1521 Israel,
776 1470 877 1526 quia
908 1486 1019 1526 quae
1047 1470 1221 1527 placent
1237 1469 1349 1520 Deo,
1380 1468 1507 1511 nobis
1526 1480 1631 1510 nota

199 1554 336 1591 sunt.“
381 1548 437 1590 Et
464 1549 564 1591 ideo
590 1550 828 1590 secundum
861 1547 1082 1600 Evangelii
1105 1548 1372 1597 sententiam,
1398 1544 1629 1602 servus,⁹)

201 1627 282 1683 qui
315 1626 537 1683 cognovit
555 1625 846 1667 voluntatem
870 1625 1051 1667 domini
1081 1627 1171 1677 sui,
1205 1623 1337 1679 (35¹⁰)
1369 1637 1462 1665 non
1480 1619 1628 1680 fecit,

202 1703 344 1761 digne
374 1701 538 1760 plagis
575 1701 827 1759 vapulabit
858 1701 1041 1755 multis,
1083 1702 1168 1743 hoe
1188 1703 1198 1726 ¹
1217 1700 1261 1757 ¹)
1290 1711 1378 1752 est,
1417 1700 1630 1742 Judaeus:

200 1782 282 1839 qui
325 1791 481 1821 autem
524 1794 618 1822 non
659 1770 909 1837 cognovit,
967 1779 1178 1829 Graecus,
1223 1779 1269 1820 id
1311 1790 1392 1827 cst,
1437 1776 1631 1827 Gendlis,

199 1856 451 1915 vapulabit
490 1858 668 1914 paucis.
727 1858 905 1900 Interest
941 1857 1054 1899 enim
1096 1856 1343 1909 cognovisse
1380 1854 1549 1905 Deum,
1590 1865 1630 1895 et

200 1935 450 1989 cognovisse
489 1936 748 1977 voluntatem
787 1934 895 1976 Dei:
940 1935 1041 1992 quia
1084 1932 1285 1988 cognosci
1325 1932 1444 1974 Deus
1486 1930 1629 1986 „a¹²)

320 2120 363 2175 ¹)
393 2120 421 2160 I'
445 2120 570 2172 chg.
601 2116 674 2169 IV,
703 2117 770 2161 29.
802 2117 888 2173 (111
918 2117 1069 2172 Regg.)

319 2189 366 2246 ²)
397 2189 497 2233 Mss.
528 2189 693 2245 plures:
725 2200 793 2239 „et
817 2189 933 2231 dedit
963 2188 1013 2238 ci,
1044 2186 1208 2243 inquit“
1240 2198 1331 2236 etc„
1363 2184 1518 2228 omisso
1540 2183 1631 2226 Sa-

200 2246 388 2289 lomoni.
421 2248 471 2286 R.

315 2316 361 2373 3)
392 2317 504 2358 Edd.
536 2314 733 2356 Merlini:
766 2315 933 2356 dedere.

315 2386 362 2441 4)
392 2387 523 2427 Deest
554 2386 815 2435 ‚‚diabolus“
849 2384 893 2425 in
924 2383 1022 2425 Mss.
1056 2395 1095 2425 et
1127 2385 1240 2439 apud
1278 2381 1528 2430 Rabanum,
1554 2381 1627 2422 sed

201 2455 327 2486 exstat
355 2444 399 2484 in
432 2442 550 2484 editis
582 2442 642 2496 (v.
676 2457 710 2481 c.
740 2442 782 2482 in
818 2443 912 2482 cdd.
942 2439 1042 2495 M).

317 2512 363 2569 ⁵)
395 2513 518 2554 Rom.
550 2509 604 2560 ll,
633 2510 816 2553 9.—10.

319 2585 367 2638 ⁶)
401 2581 679 2624 Desidet-atur
709 2585 799 2631 „eU‘
830 2580 874 2621 in
907 2579 1002 2620 edd.
1034 2577 1221 2618 Mer-lini.

315 2653 360 2707 7)
392 2653 519 2693 Rom.
552 2651 624 2700 HI,
653 2653 692 2693 2.
814 2648 860 2705 ⁸)
890 2648 1075 2690 Baruch.
1107 2648 1178 2697 IV,'
1208 2648 1246 2689 4.

314 2722 358 2776 9)
391 2724 493 2769 Luc,
523 2721 623 2772 ΧΠ,
653 2722 862 2765 47.-48.

291 2794 360 2847 ¹⁰)
390 2793 468 2833 Ed.
500 2792 560 2833 M.
591 2792 650 2832 ll:
684 2803 723 2832 et
754 2808 844 2832 non
876 2790 974 2831 sccit
1000 2789 1145 2841 digne:
1178 2788 1309 2844 plagis
1337 2800 1411 2830 etc.

288 2862 358 2918 ¹¹)
388 2861 497 2905 Edd.
530 2861 726 2904 Met-lini:
758 2861 825 2902 hic
859 2873 928 2903 est·
1055 2859 1125 2913 ¹²)
1157 2859 1282 2902 Rom,
1315 2860 1344 2910 I,
1375 2861 1441 2903 20.
