1788 3111
550 122 811 163 COMMENTA
819 135 995 165 tuor-Um
1027 124 1117 167 Lm.
1150 125 1198 166 V.
1488 128 1574 171 403

151 246 348 274 tenentur
388 236 562 283 affeetu,
607 247 646 275 ct
683 233 790 274 nihil
829 236 882 275 de
915 251 964 276 eo
997 235 1175 285 humile,
1213 237 1317 276 nihil
1346 238 1568 290 indignum

149 310 367 365 patiuntur
406 311 564 352 audire.
642 312 728 353 Sed
781 311 882 367 et¹)
933 328 1032 361 nos,
1079 328 1175 352 cum
1222 312 1465 368 respicimus
1513 315 1567 354 ad

150 385 345 436 Paulum,
382 404 471 428 non
510 400 707 443 putamus
740 405 826 429 esse
863 389 1069 444 aliquem,
1109 388 1182 444 qui
1220 405 1318 430 cum
1354 390 1487 445 possit
1522 390 1566 431 in

149 478 293 504 amore
338 463 489 505 Christi
531 481 748 520 superare:
798 466 971 521 unde2)
1013 483 1091 506 nec
1129 467 1341 520 putandus
1388 479 1448 507 est
1488 467 1564 507 ali-

149 540 251 595 quid
284 542 335 582 de
368 558 417 582 eo
451 554 597 582 contra
628 558 754 598 quam
776 542 867 598 ipso
901 542 1074 593 dignum
1095 554 1155 583 est
1185 543 1434 597 prolocutus
1467 560 1564 585 esse.

147 617 202 657 Et
238 617 336 658 ideo
368 620 612 671 indagemus
652 619 903 673 subtilius³)
944 636 1021 674 per
1064 619 1235 672 gratiam
1267 620 1399 660 sancti
1429 620 1563 675 Spiri-

146 706 212 735 tus
242 696 418 736 verbum
449 695 688 751 sapientiae,
722 713 806 752 quo
838 714 1006 737 sensum
1028 697 1150 738 Pauli
1176 697 1384 753 possimus
1415 698 1562 738 adver-

145 784 246 822 tere,
275 773 362 813 imo
394 789 562 814 sensum
595 773 772 824 Christi,
819 773 890 829 qui
920 773 964 813 in
997 790 1046 814 eo
1079 786 1150 823 est,
1180 775 1414 815 secundum
1446 775 1565 829 quod

146 852 233 906 ipse
271 852 517 906 profitetur:
559 865 664 900 „nos
681 849 723 903 ⁴)
762 862 901 891 autem
932 867 1101 891 sensum
1135 850 1290 892 Christi
1319 852 1563 891 habemus.“

145 928 289 967 Potest
319 927 479 981 ergo⁵)
520 927 612 982 quis
652 926 994 982 compendiosius
1035 927 1078 967 in
1094 927 1138 982 ⁵)
1169 928 1230 967 his
1262 927 1424 975 dicere,
1465 927 1562 983 quia

140 1003 209 1044 hic
238 1015 435 1054 mortem,
467 1021 738 1045 communem
760 1006 868 1044 hanc
892 1003 992 1044 dicit
1011 1016 1052 1044 et
1075 1004 1273 1053 mediam,
1306 1020 1387 1059 qua
1416 1020 1560 1053 „mor-

141 1080 300 1136 tuus7)
331 1086 429 1130 est,“
459 1106 514 1112 ——
544 1082 651 1122 sicut
678 1081 791 1121 idem
825 1081 1056 1135 Apostolus
1088 1080 1202 1131 dicit,
1226 1107 1282 1114 -—
1304 1082 1564 1131 „secundum

141 1157 436 1212 Scripturas,“
477 1169 516 1197 et
545 1157 652 1198 nihil
684 1159 914 1198 absurdum
946 1158 1096 1207 videri,
1128 1158 1160 1198 si
1190 1158 1245 1208 is,
1278 1158 1349 1214 qui
1378 1159 1564 1198 formam

141 1234 247 1275 servi
277 1247 526 1289 susceperat,
559 1235 825 1275 dominatum
862 1235 1083 1290 pertulerit
1112 1234 1282 1283 mortis,
1326 1251 1432 1290 quae
1472 1234 1561 1276 sine

142 1312 274 1353 dubio
307 1311 552 1352 dominatur
583 1311 794 1360 omnibus,
828 1312 900 1366 qui
929 1312 972 1352 in
1003 1328 1128 1352 carne
1156 1311 1285 1367 positi
1315 1313 1392 1352 sub
1424 1311 1562 1353 servili

139 1391 278 1429 forma
320 1400 554 1429 censentur.
622 1390 708 1430 Sed
750 1400 789 1428 et
832 1388 941 1429 illud
987 1388 1205 1429 assertioni
1257 1388 1355 1429 huic
1387 1387 1561 1446 adjacet,

141 1466 259 1521 quod
288 1477 515 1521 propterea
554 1466 692 1505 forma
724 1466 824 1506 haec
868 1465 994 1514 servi,
1039 1466 1084 1506 id
1117 1477 1195 1515 est,
1237 1465 1324 1521 ipsa
1340 1465 1385 1521 ⁸)
1433 1465 1559 1507 etiam

140 1555 283 1584 nostra
316 1560 428 1597 caro,
461 1541 752 1595 seminaturss')
782 1543 825 1582 in
857 1541 1145 1597 corruptione,
1176 1554 1223 1583 ut
1252 1554 1391 1596 surgat
1420 1543 1464 1583 in
1493 1543 1557 1583 in—

140 1620 427 1676 corruptione,
460 1630 500 1659 et
530 1618 760 1659 seminatur
787 1619 832 1659 in
862 1618 1128 1669 infirmitate,
1158 1633 1206 1661 ut
1235 1632 1374 1672 surgat
1404 1620 1447 1660 in
1478 1620 1559 1660 vir-

139 1709 240 1747 tute,
273 1709 313 1738 et
344 1696 575 1738 seminatur
610 1696 655 1736 in
693 1696 972 1745 contumelia,
1010 1709 1059 1737 ut
1089 1708 1229 1749 surgat
1258 1696 1302 1737 in
1333 1696 1486 1749 gloria,
1518 1708 1558 1736 et

255 1922 298 1976 ¹)
328 1922 460 1962 Deest
488 1927 582 1970 „et“
612 1920 656 1961 in
688 1922 783 1962 edd.
813 1922 874 1962 'M.

253 1990 298 2046 ²)
330 1991 434 2031 BIsc.
475 2007 584 2030 unus
624 1990 801 2041 Regius,
841 1992 947 2031 BIsc.
988 1989 1324 2038 Vallis-Clarae,
1356 2001 1396 2029 et
1426 1988 1555 2030 editio

137 2050 299 2088 Veneta
330 2045 572 2088 Salodiaui:
604 2047 746 2095 „unde
774 2063 853 2086 nec
882 2047 1119 2100 putandum
1141 2056 1200 2086 est
1227 2045 1388 2100 aliquid
1420 2046 1472 2085 de
1504 2062 1554 2085 eo

138 2115 284 2144 contra
318 2102 415 2158 quia
444 2114 491 2142 ut
520 2101 613 2156 ipso
647 2101 819 2153 dignum
841 2113 899 2142 est
923 2102 1173 2156 prolocutus
1193 2108 1290 2142 est.“
1336 2102 1398 2141 Ita
1431 2100 1555 2141 etiam

137 2159 346 2201 B'Ierlinus
375 2158 443 2213 (in
474 2170 653 2213 utraque
685 2156 894 2212 editione)
925 2174 971 2197 ac
991 2158 1306 2206 Genehrardus,
1325 2156 1405 2198 nisi
1437 2158 1556 2212 quod

136 2216 180 2257 in
210 2217 295 2256 fine
325 2216 528 2255 habeant:
561 2226 736 2263 „contra
758 2231 884 2269 quam
917 2225 956 2253 et
986 2213 1078 2268 ipso
1097 2214 1271 2265 dignum
1302 2225 1374 2263 est,
1404 2213 1553 2269 prolo-

137 2284 283 2313 cutum
324 2287 422 2312 esse.
489 2271 547 2311 Et
583 2270 681 2310 ideo
713 2270 1046 2323 indagabimus.“
1104 2270 1191 2311 Sed
1221 2269 1373 2310 rectius
1404 2270 1556 2310 caeteri

135 2329 236 2370 Biss.
269 2340 316 2368 ut
344 2327 389 2367 in
418 2339 564 2367 nostro
594 2338 720 2367 textu.
750 2328 801 2368 R.

250 2398 297 2453 ³)
328 2397 462 2438 Deest
490 2396 736 2446 ,‚subtilius“
766 2395 810 2435 in
841 2396 935 2436 edd.
967 2393 1151 2436 Mei-lini.

252 2468 298 2522 4)
328 2468 348 2507 Ι
382 2466 480 2507 Cor.
513 2467 565 2515 II,
596 2467 662 2508 16.

253 2538 297 2592 ⁵)
329 2536 608 2577 Desideratur
647 2535 691 2575 iu
730 2547 850 2575 antea
893 2534 1013 2575 editis
1054 2534 1115 2589 (e.
1156 2550 1188 2575 c.
1231 2534 1274 2574 in
1315 2535 1410 2574 edd.
1449 2534 1552 2586 MA)

163 2610 207 2633 er
236 2598 300 2633 0.“
330 2594 382 2633 R.

137 2626 158 2643 ''
210 2609 231 2646 g
252 2663 298 2715 5)
327 2662 438 2702 Edd.
468 2661 664 2702 Merlini:
696 2661 835 2702 dicere
865 2660 908 2700 in
942 2660 1014 2701 his.
1135 2659 1180 2714 ⁷)
1211 2660 1229 2699 I
1263 2659 1360 2700 Cor.
1390 2659 1485 2706 XV,
1515 2660 1551 2701 3.

251 2731 297 2786 ⁸)
328 2734 549 2786 Nusquam
589 2730 798 2786 reperitur
837 2729 881 2770 in
921 2729 1041 2772 editis
1080 2734 1140 2783 (v.
1186 2745 1219 2768 c.
1249 2727 1294 2768 in
1324 2728 1419 2769 edd.
1450 2728 1553 2778 Μ.)

138 2789 287 2844 ‚‚ipsa.“
316 2788 354 2828 R

192 2838 207 2861 ⁴
252 2857 297 2911 ⁹)
327 2820 478 2899 scor.
511 2858 605 2907 xv,
636 2856 702 2900 42.
732 2855 797 2899 43.
828 2855 894 2897 44.

1139 2944 1226 2985 26*
