1788 3111
255 137 340 180 212
592 132 814 177 Onmmus
843 145 890 176 m
919 132 998 176 Ep,
1027 142 1087 175 An
1116 132 1343 178 Rommos

254 248 410 303 loquar
437 244 515 287 tibi
546 246 726 302 desuper
745 246 789 304 1)
829 245 1129 302 propitiatorio
1159 247 1272 288 inter
1302 248 1389 289 duo
1430 247 1677 300 Cherubim,

258 340 366 381 quae
395 335 494 365 sunt
536 340 664 379 super
705 340 845 364 arcam
886 324 1162 367 testamenti.“
1218 325 1333 366 Puto
1365 336 1527 376 autem,
1559 327 1678 382 quod

256 418 346 443 non
375 400 621 457 importune
651 417 711 451 ea,
744 417 851 456 quae
882 401 935 441 de
964 401 1117 443 Exodo
1149 401 1428 452 assumsimus,
1461 403 1678 458 explanata

254 478 349 529 sint,
379 490 428 519 ut
458 477 625 520 evidens
640 478 761 519 fieret
789 494 948 527 sensus,
982 480 1202 534 quomodo
1223 479 1455 534 Apostolus
1480 478 1524 519 in
1553 496 1677 535 prae-

204 602 205 605 *
230 572 233 575 ·
255 554 362 597 senti
405 554 503 595 loco
550 554 836 611 propitiatorii
878 571 1039 596 nomen
1086 555 1346 605 assumserit,
1408 572 1505 596 cum
1553 556 1676 598 dicit:

256 648 411 688 „quem
427 631 472 687 2)
503 631 731 688 proposuit
753 632 870 672 Deus
899 631 1246 687 propitiatorium
1274 649 1352 688 per
1381 633 1552 675 fidem.“
1593 634 1679 674 Sed

259 719 300 749 et
319 709 400 748 hoc
415 707 568 763 ipsum,
587 710 705 763 quod
725 707 847 748 dixit:
867 709 1119 764 „proposuit
1132 715 1169 750 :“
1187 709 1316 762 magis
1337 710 1389 750 de
1409 709 1547 751 anima
1565 711 1681 760 Jesu‚

259 802 386 841 quam
405 786 458 825 de
483 784 636 826 deitate
660 783 749 843 ejus
769 784 929 827 (lictum
954 785 1141 831 sentitur.
1156 785 1201 843 3)
1250 786 1533 842 ‚,Proposuit“
1569 786 1682 828 enim

257 860 522 914 intelligitur,
558 860 677 917 quasi
708 862 825 918 prius
854 862 1010 918 posuit,
1049 865 1132 905 hoc
1168 875 1240 914 est,
1274 863 1522 919 priusquam
1565 876 1684 910 esset,

259 938 393 993 Quod
413 937 526 979 enIm
548 951 620 990 est,
639 939 828 995 ponitur,
845 942 962 996 quod
979 942 1175 982 nondum
1197 952 1267 990 est,
1283 941 1552 996 proponitur.
1581 943 1684 982 Non

259 1032 357 1068 ergo
400 1002 597 1057 convenit
628 1018 681 1079 de
711 1033 783 1067 eo,
833 1017 904 1073 qui
934 1034 1101 1073 semper
1130 1029 1240 1068 erat,
1269 1017 1315 1058 id
1347 1029 1418 1067 est,
1449 1018 1503 1058 de
1531 1018 1678 1073 Verbo

259 1093 343 1135 Dei
388 1093 492 1143 dici,
534 1092 632 1149 quia
669 1094 915 1150 propositus
955 1107 1034 1147 est;
1064 1096 1137 1136 sed
1169 1096 1222 1136 de
1253 1094 1392 1135 anima
1423 1092 1531 1150 ejus,
1563 1110 1683 1149 quae,

257 1171 356 1213 licet
384 1169 674 1227 inseparabilis
711 1170 763 1212 sit
778 1171 824 1228 4)
871 1187 895 1212 a
923 1172 1070 1212 Verbo
1101 1171 1208 1222 Dei,
1250 1183 1389 1213 creata
1426 1182 1573 1211 tamen
1611 1182 1684 1220 est,

262 1260 304 1290 et
333 1246 552 1301 Unigeniti
583 1246 737 1288 deitate
764 1247 999 1304 posterIOr:
1031 1264 1111 1289 nec
1140 1246 1490 1289 inconvenienter
1519 1246 1684 1288 videbi-

260 1336 332 1366 tur
363 1326 416 1365 de
448 1341 493 1365 ea
523 1323 697 1374 dictum,
729 1326 860 1380 quod,
890 1337 1117 1380 antequam
1149 1336 1274 1374 esset,
1303 1322 1524 1380 proposita
1555 1336 1616 1365 est
1645 1336 1686 1365 et

258 1400 581 1457 praeordinata,
625 1413 673 1442 ut
704 1413 809 1444 esset
838 1400 1196 1457 propitiatorium.
1256 1401 1370 1456 Quia
1400 1417 1498 1455 ergo
1533 1418 1683 1443 secun-

261 1479 366 1519 dum
397 1495 457 1529 ea,
489 1495 597 1534 quae
626 1495 753 1534 supra
792 1478 1083 1534 exposuimus,
1122 1480 1272 1520 Jesum
1309 1478 1525 1521 Christum
1553 1495 1683 1535 „pro-

261 1555 463 1611 posuit⁵)
501 1556 620 1597 Deus
659 1554 1005 1612 propitiatorium
1043 1572 1121 1612 per
1159 1556 1290 1597 fidem
1337 1555 1382 1596 in
1398 1555 1443 1612 6)
1482 1557 1685 1610 sanguine

261 1632 430 1688 ipsius,“
459 1633 740 1674 necessarium
778 1633 946 1674 videtur
981 1632 1199 1688 requirere
1238 1634 1291 1673 de
1330 1631 1479 1673 divinis
1508 1633 1683 1685 legibus,

264 1727 372 1765 quae
388 1709 444 1750 'sit
462 1709 724 1765 propitiatio,
746 1726 854 1765 quae
871 1726 949 1766 per
964 1709 1210 1762 sanguinem
1235 1710 1319 1759 fiat,
1349 1721 1397 1750 ut
1417 1726 1463 1750 ex
1480 1709 1542 1750 his
1560 1709 1683 1750 colli-

245 1803 358 1839 -gere
392 1785 614 1842 possimus,
646 1788 867 1843 quomodo
900 1786 1024 1828 etiam
1054 1803 1131 1841 per
1166 1785 1412 1838 sanguinem
1440 1787 1543 1828 Jesu
1574 1804 1679 1843 pro-

260 1863 426 1920 pitiatio
465 1864 575 1904 facta
612 1862 675 1905 sit.
744 1863 960 1919 Scriptum
1007 1874 1067 1904 est
1096 1862 1140 1903 in
1163 1861 1348 1903 Levitico
1377 1876 1476 1919 post
1503 1864 1679 1920 pontifi-

263 1940 320 1981 cis
356 1939 558 1981 hostiam:
600 1941 757 1996 „quod
776 1940 821 1997 7)
852 1939 885 1982 si
919 1939 1056 1981 omnis
1085 1954 1295 1999 synagoga
1311 1940 1438 1982 Israel
1461 1940 1680 1995 ignorave-

261 2017 327 2067 rit,
356 2028 395 2058 et
423 2016 591 2059 latuerit
629 2033 769 2059 sermo
813 2018 866 2059 ab
910 2018 1043 2060 oculis
1083 2016 1192 2074 ejus,
1234 2015 1335 2072 εἴθ)
1373 2018 1520 2060 fecerit
1546 2036 1680 2061 unum

377 2202 420 2257 ι)
448 2203 558 2246 Edd.
589 2204 651 2245 M.
679 2203 762 2245 hoc
796 2204 908 2253 loco,
939 2205 1012 2245 csr.
1051 2221 1094 2261 p.
1131 2206 1228 2250 211.
1262 2217 1353 2253 not,
1383 2206 1444 2259 6.,
1486 2205 1682 2263 desuper

258 2261 673 2384 p1·0p}3icgo1·io.ln
714 2329 765 2371 2-
995 2306 998 2308 ,

488 2347 579 2371 om.
675 2361 685 2379 ,
744 2342 782 2371 ἑ).

375 2398 422 2453 3)
454 2399 566 2440 Alias
596 2398 655 2455 (v.
687 2415 721 2439 c.
750 2398 795 2438 in
825 2400 919 2442 edd.
949 2399 1057 2456 EID:
1090 2398 1356 2451 ‚,sentietur.“
1386 2400 1435 2439 R.

375 2467 420 2524 4)
452 2467 729 2508 Desideratur
758 2468 863 2518 ‚,sit“
891 2469 934 2510 in
967 2471 1062 2511 edd.
1092 2470 1154 2511 M.

379 2536 425 2594 ⁵)
453 2539 580 2579 Rom.
611 2538 686 2587 ΙΙΙ,
714 2539 783 2580 25.

373 2607 420 2662 ⁶)
449 2608 561 2649 Edd.
592 2608 654 2648 M.
688 2618 728 2648 et
757 2607 809 2649 R.
840 2608 921 2648 hoc
952 2607 1063 2656 loco,
1095 2607 1168 2647 cfr.
1198 2622 1239 2661 p.
1268 2605 1365 2648 206.
1396 2617 1485 2647 not.
1515 2608 1554 2649 2.
1595 2608 1645 2648 in

261 2665 489 2721 sanguine
521 2665 633 2718 ejus.

375 2734 419 2789 ⁷)
449 2734 577 2776 Levit.
608 2734 681 2784 IV,
714 2733 779 2778 13.
812 2735 877 2778 14.

368 2803 415 2859 8)
443 2805 524 2845 Ed.
557 2805 619 2845 M.
650 2804 710 2844 II:
743 2816 810 2854 „et
840 2802 985 2845 fecerit
1014 2819 1172 2854 unum,
1214 2803 1333 2859 quod
1373 2813 1521 2845 contra
1554 2817 1674 2843 man-

256 2860 401 2903 (latum
432 2861 611 2904 Domini
644 2871 714 2911 est,
747 2873 788 2903 et
818 2858 1084 2918 deliquerit.“
