1788 3111
193 123 279 167 110
530 118 756 163 Omtfflms
784 132 833 163 m
861 119 942 162 ΕΡ.
973 129 1034 162 An
1064 118 1291 163 RomANos

193 233 459 279 moecharis:
500 233 575 290 qui
605 233 867 276 abominaris
895 232 1038 284 idola,
1078 232 1346 284 sacrilegium
1375 233 1630 278 committis:

195 314 270 371 qui
306 313 350 355 in
391 313 484 366 lege
519 312 734 365 gloriaris,
776 326 857 368 per
893 309 1302 367 praevaricationem
1342 312 1443 363 legis
1481 314 1628 355 Deum

195 394 456 435 dehonoras.
523 389 761 444 Nomeu')
804 387 917 430 enim
957 387 1043 429 Dei
1078 404 1157 444 per
1194 404 1268 429 vos
1306 390 1630 445 blasphematur

193 471 306 513 inter
329 468 501 519 Gentes,
527 467 636 511 sicut
663 467 870 522 scriptum
902 471 999 507 est.“
1045 465 1429 520 Quemadmodum
1451 469 1496 509 in
1524 469 1630 510 scri-

195 548 331 607 pturis
367 545 633 605 propheticis
666 543 1001 593 observavimus,
1030 560 1122 584 non
1150 544 1291 585 solum
1324 544 1500 586 dicentis
1530 562 1630 601 per-

195 643 346 670 sonam
375 627 557 667 latenter
586 634 625 663 et
654 620 795 663 subito
830 620 1099 671 commutari,
1129 637 1278 662 verum
1311 633 1351 662 et
1380 638 1542 672 eorum,
1574 623 1629 664 ad

197 722 305 761 quos
335 719 491 751 sermo,
520 701 586 741 vel
619 701 671 741 de
691 698 844 754 quibus
862 714 1002 739 sermo
1027 699 1098 739 fit:
1129 699 1248 740 verbi
1271 699 1413 751 gratia,
1443 712 1490 741 ut
1511 717 1629 742 nunc

198 799 246 824 cx
265 780 401 823 Patris
430 795 629 836 persona,
658 793 775 818 nunc
808 792 855 816 ex
884 775 997 825 Filii,
1028 776 1093 816 vel
1126 775 1308 832 Spiritus
1337 778 1482 827 sancti,
1512 795 1631 820 nunc

198 859 323 902 etiam
367 874 414 899 ex
457 872 643 912 persona
682 854 942 910 prophetae,
992 865 1064 894 aut
1106 853 1292 895 aliorum
1337 855 1632 910 quorumlibet

197 938 340 992 aliqua
380 936 597 985 dicantur3
637 944 677 974 et
714 948 831 973 nunc
874 930 1049 986 quidem
1089 947 1231 973 sermo
1272 933 1327 973 ad
1357 932 1631 975 Israeliticam

198 1027 388 1068 gentem,
427 1028 545 1054 nunc
587 1013 641 1052 ad
681 1022 838 1051 exteras
875 1009 1090 1058 nationes,
1132 1020 1205 1051 aut
1235 1010 1289 1051 ad
1326 1025 1462 1062 reges,
1506 1022 1545 1052 et
1575 1011 1631 1052 ad

197 1093 317 1136 mille
348 1091 453 1133 alios
495 1088 719 1140 dirigatur:
762 1087 819 1128 ita
859 1085 966 1127 mihi
997 1086 1164 1127 videtur
1202 1087 1328 1128 etiam
1345 1088 1390 1143 ²)
1429 1088 1536 1130 haec
1576 1089 1631 1130 ad

197 1172 423 1212 Romanos
462 1166 619 1222 scripta
658 1181 744 1206 esse
788 1166 987 1220 epistola,
1026 1175 1073 1205 ut
1114 1163 1330 1206 interdum
1372 1177 1411 1207 et
1453 1166 1631 1208 dicentis

197 1263 385 1304 persona
415 1255 625 1293 mutetur,
668 1253 707 1283 et
739 1242 973 1297 aliquando
1006 1241 1179 1297 quidem
1213 1241 1372 1284 Paulus
1402 1243 1632 1299 spiritualis

198 1326 422 1380 loquatur,
460 1321 568 1363 sicut
599 1320 642 1361 in
684 1319 826 1360 multis
858 1318 1063 1374 epistolae
1093 1318 1223 1369 locis,
1263 1320 1497 1375 aliquando
1528 1337 1630 1362 vero

198 1401 358 1442 Paulus
391 1397 594 1448 carnalis,
637 1396 766 1447 sicut,
811 1396 930 1437 verbi
969 1397 1121 1448 gratia,
1165 1413 1264 1438 cum
1302 1396 1427 1438 dicit:
1465 1397 1632 1454 ‚,ego3)

200 1491 341 1521 autem
373 1476 553 1518 carnalis
582 1493 699 1525 sum,
731 1475 1013 1516 venumdatus
1043 1475 1122 1514 sub
1155 1480 1375 1530 peccato,“
1415 1487 1463 1516 ut
1493 1487 1635 1517 osten-

201 1555 400 1611 detur,‘¹)
433 1571 531 1595 cum
563 1555 617 1595 ad
646 1553 787 1609 ipsum
819 1553 989 1602 locum,
1020 1551 1216 1593 Domino
1249 1553 1477 1604 dirigente,
1506 1569 1634 1594 vene-

200 1635 345 1676 rimus.
401 1632 623 1672 Interdum
664 1647 764 1671 vero
806 1631 852 1672 fit
894 1641 934 1671 et
973 1645 1124 1669 eorum
1157 1645 1390 1684 personae,
1430 1632 1482 1671 ad
1524 1646 1632 1685 quos

199 1697 341 1754 sermo
375 1720 446 1758 est,
479 1707 773 1755 commutatio,
803 1707 860 1748 ita
889 1717 937 1747 ut
965 1722 1082 1746 nunc
1115 1707 1168 1747 ad
1201 1722 1373 1749 omnem
1406 1705 1632 1749 Romano-

201 1806 297 1831 rum
342 1787 507 1828 dicatur
556 1785 798 1826 ecclesiam:
854 1784 1036 1835 „gratias
1056 1783 1100 1839 ⁵)
1153 1799 1230 1835 ago
1273 1784 1371 1824 Deo
1417 1801 1514 1826 meo
1553 1801 1634 1841 per

200 1868 349 1908 Jesum
392 1862 610 1905 Christum
650 1880 732 1918 pro
777 1862 979 1903 omnibus
1016 1861 1160 1910 vobis,
1206 1861 1303 1917 quia
1349 1863 1454 1903 fides
1497 1873 1633 1904 vestra

203 1942 482 1986 annuntiatur
516 1939 562 1982 in
601 1943 799 1982 universo
839 1940 1063 1980 mundo:“
1103 1938 1148 1980 in
1192 1938 1279 1979 aliis
1317 1954 1416 1979 vero
1454 1955 1545 1980 non
1577 1940 1633 1981 ad

203 2037 378 2064 omnem
411 2018 655 2067 ecclesiam,
688 2018 763 2058 sed
795 2017 847 2057 ad
880 2033 1076 2065 omnem,
1108 2016 1180 2072 qui
1209 2015 1371 2074 judicat
1401 2016 1554 2065 alium,
1595 2027 1635 2057 et

200 2101 292 2156 ipse
320 2098 422 2140 facit
452 2112 514 2146 ea,
544 2111 654 2151 quae
681 2094 724 2136 in
760 2094 849 2136 aliis
881 2095 1157 2142 condemnat,
1188 2104 1227 2134 et
1249 2104 1307 2134 est
1325 2092 1634 2137 inexcusabilis.

200 2179 327 2219 Nunc
368 2187 508 2218 autem
549 2189 692 2228 neque
732 2173 786 2215 ad
827 2171 1070 2221 ecclesiam,
1111 2187 1253 2226 neque
1295 2171 1350 2212 ad
1393 2188 1514 2221 eum,
1558 2171 1635 2227 qui

201 2253 387 2313 judicat,
415 2254 463 2294 fit
489 2268 631 2293 sermo
664 2249 753 2300 hic,
791 2249 834 2290 in
867 2266 952 2306 quo
987 2249 1113 2291 dicit:
1155 2248 1213 2298 „si
1230 2248 1274 2300 ⁶)
1308 2259 1447 2290 autem
1477 2259 1523 2288 tu
1553 2248 1634 2288 Ju-

204 2333 332 2373 daeus
365 2327 701 2380 cognominaris,
742 2339 781 2367 et
811 2326 1037 2383 requiescis
1067 2325 1112 2366 in
1142 2327 1255 2379 lege,
1298 2335 1337 2365 et
1366 2323 1557 2376 gloriaris
1586 2323 1631 2364 in

201 2409 314 2457 Deo,
352 2419 391 2448 et
421 2404 640 2458 cognoscis
672 2406 934 2446 voluntatem
966 2402 1093 2460 ejus,“
1126 2414 1165 2443 et
1196 2413 1380 2450 caetera,
1415 2417 1547 2457 usque
1579 2401 1633 2442 ad

324 2526 368 2579 ¹)
397 2523 521 2565 Jesai.
553 2523 639 2572 LII,
668 2524 707 2565 5.
741 2524 837 2564 coll.
868 2521 1020 2563 Ezech.
1054 2521 1259 2569 XXXVI,
1289 2521 1489 2563 ‘EO—23.

319 2596 366 2653 ²)
399 2595 470 2638 Sic
491 2610 638 2636 omnes
658 2593 757 2635 Mss.
801 2592 918 2634 Editi
952 2608 1052 2632 vero
1084 2592 1143 2646 (e.
1168 2608 1201 2632 c.
1226 2591 1321 2631 cdd.
1340 2589 1447 2645 M.):
1479 2589 1630 2640 „ctiam

204 2655 289 2696 hoc
318 2654 454 2695 modo
489 2652 541 2692 ad
574 2650 821 2692 Romanos“
853 2660 927 2689 etc.
969 2651 1016 2690 R.

322 2723 368 2777 3)
399 2722 524 2763 Rom.
554 2721 649 2770 Vll,
683 2721 747 2765 14.

321 2792 367 2848 4)
399 2792 459 2833 Ita
476 2792 575 2834 Mss.
605 2789 722 2832 Editi
740 2806 839 2831 vero
859 2789 918 2844 (v.
935 2805 969 2830 c.
987 2786 1207 2843 edd.M.):
1231 2788 1568 2837 „ostendemus.“
1584 2786 1634 2829 R.

323 2864 368 2918 ⁵)
402 2863 529 2904 Rom.
562 2861 592 2912 I,
621 2862 659 2905 8.
779 2860 826 2913 ⁶)
859 2860 983 2902 Rom.
1014 2859 1068 2909 II,
1099 2860 1164 2902 17.
1195 2858 1260 2903 18.
