1788 3111
223 87 282 130 26
564 87 788 131 Omemws
817 99 865 131 m
891 88 968 130 ΕΡ.
998 99 1057 130 An
1089 88 1311 132 RomAmos

223 200 270 242 in
304 201 388 250 his,
428 201 482 241 ad
513 217 620 256 quos
650 201 771 243 dicit:
810 202 969 259 ‚‚vos¹)
1008 214 1148 244 autem
1178 202 1224 244 in
1255 219 1384 245 carne
1412 221 1504 247 non
1535 206 1638 258 estis,

223 279 298 319 sed
329 278 372 318 in
403 277 608 333 spiritu:“
640 291 696 319 et:
728 278 888 335 ,‚qui²)
919 296 963 321 se
983 278 1120 337 jungit
1138 280 1362 330 meretrici,
1390 298 1525 323 unum
1545 300 1639 324 cor-

222 372 302 412 pus
333 360 430 404 e'st‚“
461 379 513 386 ——
542 355 808 397 meretricem
830 355 899 396 hic
917 373 1089 399 carnem
1119 358 1184 398 vel
1217 374 1372 414 corpus
1400 374 1642 410 vocans,—

225 433 326 489 „qui
363 444 503 474 autem
534 433 636 488 se3)
674 430 810 489 jungit
840 433 1056 484 Domino,
1089 452 1198 475 unus
1227 434 1395 490 spiritus
1427 440 1522 477 est.“
1580 435 1643 478 Ita

224 527 323 563 ergo
355 510 480 552 etiam
510 527 626 551 nunc
655 509 788 551 sciens
820 512 872 551 de
903 510 1044 552 anima
1074 511 1198 562 Jesu,
1230 512 1327 567 quia
1357 512 1517 554 sociata
1545 513 1643 553 Do-

222 588 368 638 mino,
406 600 445 629 et
476 588 706 629 cohaerens
736 587 793 636 ei,
832 605 940 628 unus
980 604 1078 629 cum
1108 589 1201 644 ipso
1232 591 1363 630 faetus
1394 589 1445 630 sit
1474 589 1642 645 spiritus

220 665 585 715 sanctificationis,
612 682 704 706 non
736 681 828 706 eam
858 665 1096 707 nominavit
1126 665 1391 714 extrinsecus,
1422 681 1476 706 ne
1505 666 1642 706 solve—

223 755 286 785 ret
315 744 482 785 Jesum:
522 743 667 797 „quod
686 741 731 796 4)
763 741 875 782 enim
894 741 938 796 5)
967 742 1085 784 Deus
1117 741 1349 799 conjunxit,
1380 743 1514 783 homo
1549 760 1642 783 non

221 825 423 877 separet.“
482 818 835 860 sanctificationis
878 835 976 860 vero
1019 819 1186 875 spiritus
1219 819 1374 861 dieitur
1403 821 1641 861 secundum

222 899 326 948 hoe,
357 898 475 954 quod
505 897 680 952 praebet
712 899 910 938 omnibus
939 897 1223 946 sanctitatem,
1253 898 1360 938 sicut
1389 908 1428 936 et
1459 896 1560 937 alibi
1590 898 1643 937 de

223 993 274 1018 eo
303 976 519 1031 scriptum·
538 986 616 1016 est:
648 973 748 1029 „qui
767 973 813 1030 6)
842 976 973 1015 factus
1006 985 1063 1014 est
1093 975 1296 1029 sapientia
1326 975 1451 1015 nobis
1480 990 1504 1015 a
1527 973 1641 1023 Deo,

222 1065 262 1095 et
290 1053 458 1110 justitia,
490 1064 529 1093 et
556 1052 846 1101 sanctificatio,
879 1063 916 1093 et
934 1052 1182 1092 redemtio.“
1225 1052 1387 1092 Verum
1408 1063 1642 1092 occurrunt

220 1131 346 1173 nobis
388 1131 561 1186 quidam
584 1129 628 1185 7)
673 1129 937 1185 quaestiones
983 1127 1269 1170 acerbissimas
1312 1140 1642 1178 commoventes,

222 1210 445 1265 quomodo
477 1207 668 1248 videatur
699 1207 889 1248 Christus
926 1208 1184 1247 descendere
1222 1223 1269 1246 ex
1297 1206 1457 1248 semine
1486 1205 1643 1254 David,

221 1303 350 1342 quem
381 1297 543 1327 constat
570 1302 661 1326 non
697 1301 781 1326 esse
813 1301 858 1325 ex
888 1284 1053 1338 Joseph
1073 1294 1233 1332 natum,
1262 1282 1308 1322 in
1331 1300 1457 1339 quem
1477 1282 1641 1337 Joscph

219 1365 344 1406 series
377 1380 422 1405 ex
442 1363 582 1405 David
615 1362 904 1404 descendentis
936 1361 1216 1411 generationis
1251 1359 1489 1401 adducitur.
1531 1358 1641 1412 Qui-

218 1443 300 1483 bus
344 1456 569 1483 occurrere
613 1439 801 1496 quamvis
846 1439 1075 1479 molestum
1118 1437 1170 1478 sit
1215 1438 1453 1479 secundum
1494 1436 1642 1476 literae

220 1520 452 1568 rationem,
488 1529 632 1559 tamen
662 1517 946 1572 respondetur
983 1533 1005 1557 a
1034 1515 1207 1565 nostris,
1249 1515 1368 1570 quod
1398 1511 1641 1568 ,‚R‘'Iaria‚⁸)

222 1597 390 1653 quae9)
423 1598 671 1651 desponsata
699 1593 877 1648 Joseph,
908 1605 1137 1647 antequam
1170 1590 1446 1632 convenirent
1472 1589 1642 1629 inventa

221 1685 279 1715 cst
307 1675 352 1715 in
382 1683 503 1713 utero
535 1672 695 1713 habens
727 1673 779 1712 de
811 1670 974 1725 Spiritu
1004 1673 1205 1718 sanct0,“
1238 1667 1475 1709 secundum
1502 1667 1639 1717 legem

218 1751 308 1793 sine
338 1749 470 1790 dubio
510 1747 742 1790 contribuli
777 1764 854 1788 suo
891 1759 929 1788 et
969 1758 1148 1797 cognato
1191 1742 1420 1802 conjuncta
1459 1754 1527 1784 est.
1586 1742 1642 1783 Et

221 1827 410 1884 quamvis
430 1827 595 1867 dicatur
615 1827 668 1866 ad
700 1841 792 1866 eam
823 1826 876 1866 ab
900 1825 1065 1875 angelo,
1095 1823 1193 1879 quia
1225 1834 1264 1863 et
1293 1820 1549 1872 „Elisabeth,
1569 1819 1641 1876 ¹⁰)

223 1916 400 1957 cognata
430 1916 515 1954 tua,
547 1903 669 1944 etiam
686 1902 757 1958 11)
785 1902 876 1958 ipsa
905 1901 1042 1958 pariet
1064 1901 1200 1943 filium
1220 1900 1265 1941 in
1283 1910 1498 1943 senectute
1526 1903 1641 1948 sua,“

338 2059 382 2114 ¹)
412 2058 538 2104 Rom.
568 2056 684 2106 VIII,
712 2056 750 2098 9.
869 2055 915 2111 2)
945 2055 964 2095 Ι
998 2053 1097 2096 Cor.
1128 2054 1200 2103 VI,
1231 2054 1295 2098 16.
1327 2054 1391 2096 17.

335 2129 382 2185 3)
412 2129 522 2171 Edd.
553 2127 749 2168 Merlini:
781 2126 916 2184 jungit
945 2142 1000 2167 se.
1121 2123 1166 2178 4)
1196 2123 1349 2164 Mauh.
1379 2122 1499 2172 XIX,
1529 2122 1567 2165 6.

337 2200 382 2252 ⁵)
417 2199 545 2240 Deest
581 2197 746 2248 „enim“
777 2198 819 2238 in
853 2197 972 2238 editis
1004 2196 1062 2251 (e.
1083 2195 1180 2236 c.in
1203 2194 1413 2248 edd.M.).
1470 2193 1643 2234 Deinde

220 2257 324 2299 Msc.
355 2255 456 2307 Reg.
486 2272 602 2295 num.
637 2255 771 2304 1639„
804 2265 843 2295 et
875 2254 1094 2294 Rabanus:
1126 2269 1241 2301 „non
1272 2255 1474 2306 sepa1·at.“
1535 2249 1641 2290 Cae-

219 2313 298 2354 teri
328 2313 425 2353 Mss.
458 2323 497 2351 et
527 2311 626 2351 editi
657 2313 715 2366 (e.
749 2328 782 2351 c.
815 2312 908 2351 edd.
940 2308 1046 2365 Μ.);
1079 2325 1196 2358 „non
1225 2312 1428 2363 separet.“
1459 2306 1508 2347 R.

338 2381 385 2437 6)
416 2381 432 2420 Ι
466 2380 565 2420 Cor.
595 2380 626 2429 Ι,
658 2382 725 2423 30.

337 2450 382 2506 ⁷)
413 2450 529 2492 Editi
567 2450 626 2505 (e.
658 2467 690 2490 c.
725 2451 818 2490 cdd.
848 2448 955 2501 M),
997 2460 1034 2489 et
1075 2447 1181 2490 B'Isc.
1221 2463 1349 2488 unus:
1404 2447 1642 2501 „quaedam

222 2509 485 2564 quaestiones
507 2506 774 2548 acerbissime
805 2506 879 2560 (al.
902 2505 1151 2558 acerrime)
1174 2506 1525 2545 commoventes.“
1557 2502 1640 2543 Sed

222 2565 376 2607 caeteri
406 2564 505 2605 Mss.
537 2575 576 2604 et
605 2562 806 2604 Rabanus
835 2562 987 2603 rectius
1017 2573 1064 2602 ut
1092 2561 1135 2601 in
1165 2572 1288 2601 textu.
1333 2558 1382 2599 R.

272 2674 281 2682 ,
339 2634 386 2689 ²³)
417 2633 569 2675 Manli.
600 2633 632 2683 I,
663 2634 727 2676 16.

338 2705 383 2760 ⁹)
414 2704 524 2746 Edd.
550 2703 744 2746 Mcrlini:
777 2704 896 2760 quod
916 2701 1051 2743 Maria
1075 2702 1326 2756 desponsata
1358 2708 1446 2739 erat
1465 2697 1642 2754 Joscph,

225 2774 265 2804 et
295 2774 520 2816 antequam
552 2772 628 2802 etc.

315 2832 386 2886 ¹⁰)
417 2831 516 2872 Luc.
546 2830 578 2881 l,
606 2831 672 2874 36.
796 2829 866 2884 Η)
898 2828 1008 2870 Edd.
1040 2826 1233 2870 Merlini:
1265 2825 1356 2882 ipsa
1387 2825 1525 2867 etiam.
