1788 3111
207 127 294 171 326
328 130 333 137 ‘
547 123 770 167 OmGEms
800 136 847 166 m
876 122 953 165 Ep,
983 133 1044 164 AD
1078 122 1303 166 ROMANos

212 238 403 282 mortalis
442 238 686 295 posteritas,
728 248 768 280 et
809 235 1046 293 corporalis
1084 234 1316 284 successio,
1369 233 1460 276 viro
1499 235 1641 291 potius

210 316 479 372 tanquam¹)
519 316 706 367 auctori,
750 327 789 357 et
827 332 919 356 non
961 312 1132 361 mulieri
1173 313 1413 368 deputatur.
1478 311 1567 353 Sed
1595 323 1643 354 ut

213 395 355 436 adhuc
385 393 619 436 evidentius
647 393 735 444 fiat,
766 394 886 449 quod
917 391 1119 440 dicimus,
1148 390 1356 431 addemus
1386 388 1514 431 etiam
1543 390 1642 439 hoc,

212 473 333 526 quod
370 471 485 512 idem
524 471 756 526 Apostolus
812 471 866 510 ad
907 468 1129 509 Hebraeos
1177 466 1345 508 scribit:
1392 466 1557 522 ‚‚sed²)
1603 478 1642 508 et

212 548 328 598 Levi,
359 548 433 605 qui
463 547 649 590 decimas
680 546 858 603 accepit,
888 545 1121 587 decimatus
1152 555 1223 586 est.
1269 544 1424 586 Adhuc
1454 543 1567 585 enim
1596 544 1642 585 in

211 626 369 668 lumbis
399 626 531 682 patris
545 625 592 681 ³)
624 636 724 675 erat,
754 623 1006 673 Abrahami‚
1036 639 1133 664 cum
1167 621 1353 663 obviavit
1382 621 1418 663 ei
1456 621 1640 662 Melchi-

211 705 335 746 sedec
367 719 555 756 regresso
588 719 611 744 a
643 702 773 743 caede
801 704 990 752 regum.“
1048 699 1095 741 Si
1135 715 1234 752 ergo
1266 698 1388 749 Levi,
1419 698 1491 754 qui
1518 714 1644 750 gene·

212 781 378 823 ratione
409 793 558 837 quarta
596 790 696 836 post
733 778 954 820 Abraham
993 776 1204 826 nascitur,
1242 776 1289 817 in
1318 777 1474 819 lumbis
1504 778 1644 818 Abra-

211 858 328 900 hami
360 858 485 900 fuisse
515 858 791 914 perhibetur,
818 856 958 898 multo
988 854 1118 907 magis
1151 871 1300 896 omnes
1332 854 1542 904 homines,
1572 854 1645 909 qui

210 934 253 975 in
286 934 370 976 hoc
410 935 577 976 mundo
618 944 851 976 nascuntur
891 943 930 974 et
968 932 1057 974 nati
1086 943 1207 982 sunt,
1245 930 1290 972 in
1330 931 1488 973 lumbis
1526 941 1646 972 erant

212 1011 394 1061 Adami,
423 1028 522 1052 cum
553 1011 695 1053 adhuc
729 1021 832 1051 esset
860 1009 904 1051 in
936 1009 1164 1066 paradiso;
1200 1021 1241 1050 et
1270 1025 1419 1051 omnes
1449 1009 1646 1050 homines

213 1106 310 1130 cum
342 1089 452 1144 ipso,
478 1089 544 1130 vel
572 1089 618 1130 in
652 1087 746 1143 ipso
779 1087 942 1143 expulsi
970 1099 1067 1129 sunt
1103 1089 1157 1128 de
1184 1087 1404 1142 paradiso,
1433 1102 1531 1127 cum
1555 1085 1646 1141 ipse

211 1165 313 1207 inde
343 1167 544 1222 depulsus
559 1164 606 1222 ⁴²)
637 1176 720 1216 est3
748 1176 787 1205 et
808 1180 887 1219 per
912 1163 1053 1220 ipsum
1084 1181 1216 1214 mors,
1244 1180 1354 1219 quae
1373 1165 1410 1206 ei
1441 1180 1489 1205 ex
1518 1179 1644 1219 prac-

211 1243 472 1285 varicatione
510 1253 706 1291 venerat,
755 1253 1067 1297 consequenter
1107 1252 1147 1282 et
1187 1241 1232 1281 in
1272 1257 1345 1283 eos
1393 1240 1648 1297 pertransiit,

212 1322 284 1376 qui
323 1321 366 1362 in
405 1321 563 1363 lumbis
606 1318 696 1378 ejus
736 1319 1031 1360 habebantur:
1071 1330 1109 1359 et
1138 1318 1239 1360 ideo
1271 1330 1382 1360 recte
1412 1320 1647 1375 Apostolus

212 1398 335 1439 dicit:
366 1397 560 1454 „sicut⁵)
602 1398 716 1440 enim
753 1398 799 1438 in
839 1398 978 1438 Adam
1023 1413 1171 1438 omnes
1213 1397 1480 1447 moriuntur,
1519 1397 1574 1438 ita
1607 1407 1648 1436 et

211 1475 254 1517 in
290 1475 461 1518 Christo
482 1491 631 1517 omnes
656 1474 1027 1517 -vivificabuntur.“
1072 1474 1225 1530 Neque
1249 1489 1349 1526 ergo
1367 1490 1413 1515 ex
1438 1484 1647 1529 serpente,

212 1553 286 1610 qui
328 1539 430 1595 antev
464 1553 690 1595 mulierem
729 1564 1003 1609 peccaverat,
1039 1568 1181 1608 neque
1220 1568 1268 1593 ex
1306 1550 1504 1599 muliere,
1536 1566 1646 1605 quae

212 1641 311 1672 ante
338 1631 476 1672 virum
508 1632 553 1674 in
583 1631 950 1688 praevaricatione
980 1632 1090 1671 facta
1121 1629 1251 1684 esne)
1280 1629 1354 1670 sed
1385 1645 1463 1684 per
1494 1629 1648 1677 Adam,

213 1723 261 1749 ex
296 1724 382 1763 quo
417 1724 567 1750 omnes
598 1709 799 1750 mortales
831 1707 1039 1759 originem
1068 1709 1244 1756 ducunt,
1274 1705 1430 1746 dicitur
1452 1703 1646 1746 introisse

211 1796 451 1840 peccatum,
482 1796 522 1826 et
549 1802 629 1842 per
656 1796 881 1842 peecatum
927 1801 1055 1825 mors.
1116 1784 1203 1825 Sed
1242 1783 1311 1824 hic
1340 1781 1545 1823 nimirum
1588 1793 1648 1823 est

211 1861 382 1916 unus7)
415 1863 565 1913 homo,
593 1879 672 1920 per
702 1879 830 1920 quem
860 1873 1086 1917 peccatum
1127 1860 1337 1909 introivit,
1370 1871 1409 1899 et
1437 1875 1515 1914 per
1544 1875 1646 1914 pec-

213 1950 353 1979 catum
386 1956 517 1991 mors,
547 1957 676 1996 quem
708 1952 750 1982 et
779 1938 879 1981 alibi
909 1936 1061 1994 ipses)
1090 1939 1324 1994 Apostolus
1358 1935 1522 1991 dieit⁹)
1555 1936 1642 1991 pri—

212 2033 333 2057 mum
374 2017 598 2060 hominem
645 2019 700 2060 de
746 2028 859 2059 terra
904 2027 1134 2065 terrenum,
1170 2015 1409 2056 secundum
1448 2029 1549 2054 vero
1592 2015 1646 2055 de

213 2089 337 2136 cot-lo
369 2096 609 2146 coelestem,
640 2112 740 2137 cum
761 2094 833 2150 ¹⁰)
863 2093 1111 2135 exhortatur
1138 2109 1233 2141 nos,
1265 2089 1430 2147 abjecta
1463 2090 1649 2143 imagine

211 2171 388 2223 terreni,
427 2171 657 2226 imaginem
687 2183 863 2228 portare
894 2171 1105 2213 coelestis:
1146 2171 1192 2212 id
1223 2180 1301 2219 est,
1332 2180 1380 2210 ut
1407 2170 1643 2211 secundum

337 2319 377 2375 Ι)
408 2319 690 2362 Desideratur
727 2319 772 2361 in
811 2319 930 2362 libris
967 2330 1090 2361 antea
1129 2319 1248 2362 editis
1278 2318 1337 2374 (v.
1372 2335 1406 2360 e.
1456 2317 1499 2360 in
1548 2317 1642 2358 cdd.

213 2376 320 2431 Μ.);
349 2383 620 2433 „tanquam.“
655 2377 705 2418 R.

329 2448 375 2501 ²)
410 2446 542 2488 chr.
573 2448 665 2498 VII,
695 2448 732 2491 9.
764 2449 830 2491 10.
861 2448 959 2488 coll,
991 2464 1092 2488 vers.
1125 2447 1160 2488 1.

329 2518 375 2573 3)
406 2518 519 2560 Edd.
549 2518 747 2559 Merlini:
780 2529 868 2559 erat
895 2517 1038 2572 patris.

331 2589 375 2636 ¹²)
407 2589 520 2631 Edd.
552 2587 748 2630 Merlini:
779 2589 925 2645 pulsus
956 2598 1028 2628 est.

332 2660 376 2714 5)
410 2660 425 2699 l
458 2659 558 2701 Cor.
589 2659 685 2709 XV,
714 2659 783 2700 22.
902 2657 950 2712 ὅ)
983 2656 1001 2696 Ι
1032 2656 1222 2698 Timoth.
1252 2656 1305 2707 ll,
1337 2656 1404 2698 14.

331 2731 376 2786 7)
412 2731 535 2773 Rom.
567 2731 617 2780 V,
648 2732 713 2775 12.
833 2728 880 2781 8)
913 2728 1045 2771 Alias:
1078 2728 1522 2784 „idem-Apostolusf‘
1556 2727 1602 2767 R.

330 2801 376 2856 9)
407 2801 422 2840 l
458 2801 558 2843 Cor.
590 2801 686 2851 XV,
715 2801 785 2844 47.
814 2800 880 2843 49.

306 2871 375 2925 ¹⁰)
406 2871 515 2913 Edd.
546 2871 742 2914 Merlini:
774 2888 872 2913 curn
904 2871 1101 2912 hortatur
1131 2885 1209 2911 uos
1242 2880 1318 2910 etc.
