1788 3111
476 143 918 187 COMMENTAmoRUM
948 140 1040 182 Lm.
1071 139 1143 182 lv.
1445 139 1535 183 233

116 258 218 302 dicit
247 258 404 299 habere
435 254 668 314 quidem¹)
699 254 891 306 gloriam,
920 253 995 294 sed
1023 252 1068 293 in
1087 263 1219 294 semet
1245 251 1351 308 ipsa,
1379 263 1417 293 et
1444 268 1539 293 non

118 337 236 394 apud
263 336 430 377 Deum:
460 337 578 377 illam
608 349 722 382 vero,
753 347 861 388 quae
894 347 939 371 ex
961 329 1046 371 fide
1077 341 1147 380 est,
1176 329 1335 371 habere
1355 329 1538 381 gloriam

119 415 235 470 apud
265 414 430 463 Deum,
469 422 619 468 utpote
656 410 772 463 apud
810 406 1106 463 inspicientem
1138 406 1269 447 corda
1297 407 1539 456 hominum,

120 503 161 534 et
189 492 410 540 scientem,
449 488 540 544 quis
572 497 652 537 est,
689 485 761 541 qui
793 487 925 527 credit
959 484 1009 525 in·
1038 484 1233 532 occulto,
1280 496 1320 524 et
1350 484 1439 539 quis
1470 494 1541 533 est,

122 568 194 624 qui
223 585 313 609 non
344 567 487 608 credit.
544 564 598 605 Et
625 563 724 604 ideo
755 562 907 603 merito
941 562 1057 617 apud
1099 561 1240 602 solum
1280 559 1425 601 Deum
1465 561 1542 600 ha-

121 647 194 686 bet
222 644 411 696 gloriam,
443 641 514 698 qui
546 642 746 682 assectum
775 640 875 682 fidei
916 639 1002 696 ejus
1032 638 1223 695 pervidet
1237 636 1282 692 ²)
1320 637 1366 678 in
1397 638 1544 677 occul-

121 722 192 764 tis:
235 721 306 777 qui
343 736 442 760 vero
479 716 822 775 justificationem
866 733 911 757 ex
961 715 1162 771 operibus
1201 725 1364 770 sperat,
1404 723 1545 769 potest

122 798 228 848 fieri,
258 810 304 839 ut
337 813 467 852 opera
504 793 590 852 ejus
622 794 745 835 etiam
770 796 821 835 ab
853 791 1162 848 hominibusss)
1193 791 1544 846 comprobentur.

122 875 272 916 Palam
299 888 484 929 namque
516 884 588 922 est,
616 883 654 912 ct
682 871 816 912 videri
840 869 974 911 oculis
994 881 1145 925 potest,
1177 868 1380 925 quicquid
1413 883 1544 923 opere

122 950 393 992 manifestum
425 959 501 989 est:
541 960 581 989 et
618 949 652 989 si
690 948 794 988 fides
830 947 875 988 in
906 947 1076 988 occulto
1110 958 1190 996 est,
1232 961 1362 1001 opera
1405 957 1546 986 autem

121 1029 264 1084 palam
301 1039 420 1076 sunt,
471 1024 692 1067 conveniet
733 1024 780 1065 in
825 1025 910 1066 hoc
947 1023 1101 1065 assumi
1137 1024 1267 1072 illud,
1298 1024 1416 1078 quod
1443 1021 1548 1063 scri-

122 1117 245 1162 ptum
277 1116 352 1146 est:
392 1120 527 1159 „quae
542 1102 587 1157 4)
629 1103 796 1144 occulta
825 1112 923 1143 sunt
952 1100 1146 1142 Domino
1178 1101 1276 1140 Deo
1307 1111 1408 1149 tuo,
1437 1084 1548 1154 qnae

125 1182 328 1235 autem5)
357 1180 578 1222 manifesta
607 1192 703 1221 sunt
731 1181 850 1221 vobis
882 1191 921 1220 et
949 1179 1042 1221 filiis
1072 1178 1254 1221 vestris.“
1313 1178 1400 1219 Sed
1427 1190 1466 1219 et
1495 1176 1548 1217 il-

125 1259 203 1300 lud
242 1259 304 1299 his
341 1269 486 1312 aptare
527 1258 769 1306 conveniet,
809 1258 928 1311 quod
962 1256 1165 1311 scriptum
1208 1267 1288 1298 est:
1329 1255 1424 1310 quia
1457 1253 1549 1311 „ju-

126 1347 211 1378 stus
230 1333 274 1390 ⁶)
309 1351 355 1375 ex
395 1335 481 1375 fide
517 1351 612 1375 mea
649 1336 792 1376 vivet.“
853 1332 1158 1388 Competenter
1195 1331 1322 1384 igitur
1358 1332 1551 1381 dicimus,

128 1411 286 1468 quia7)
319 1428 490 1460 eorum,
536 1412 608 1467 qui
648 1412 883 1452 secundum
922 1409 1171 1450 interiorem
1208 1396 1448 1448 hominem'
1471 1406 1552 1447 cir-

128 1490 442 1538 cumciduntur,
475 1500 513 1529 et
547 1491 618 1543 qui
648 1487 692 1529 in
725 1488 895 1528 occulto
926 1485 1082 1527 Judaei
1111 1496 1218 1535 sunt,
1248 1484 1420 1540 spiritu,
1459 1499 1550 1523 non

126 1567 259 1614 litera,
289 1567 378 1606 laus
410 1577 449 1605 et
479 1565 611 1616 gloria
642 1582 732 1605 non
764 1565 878 1619 apud
909 1563 1125 1611 homines,
1154 1563 1228 1604 sed
1262 1563 1376 1617 apud
1406 1561 1553 1601 Deum

128 1654 197 1685 est.
260 1641 348 1696 Qui
376 1659 476 1683 vero
516 1658 563 1682 ex
605 1642 806 1697 operibus
835 1639 1136 1697 justificantur,
1175 1638 1378 1694 quoniam
1409 1640 1552 1694 palam

127 1731 224 1762 sunt
258 1731 297 1760 et
324 1719 544 1760 manifesta
585 1735 717 1773 opera
750 1733 926 1767 eorum,
957 1728 1096 1772 potest
1125 1732 1210 1757 esse
1239 1715 1370 1767 gloria
1401 1731 1554 1756 eorum

127 1797 194 1838 vel
223 1797 339 1852 apud
368 1807 534 1837 sanctos
566 1811 756 1850 quosque
786 1805 825 1835 et
853 1792 1006 1851 justos,
1043 1792 1116 1849 qui
1158 1793 1372 1848 accipiunt
1400 1809 1424 1833 a
1453 1792 1552 1832 Deo

129 1884 396 1930 potestatem,
428 1874 480 1913 de
508 1871 706 1913 humanis
738 1873 939 1927 operibus
968 1869 1200 1913 visibilibus
1227 1869 1459 1927 judicandi,
1490 1870 1555 1910 vel

131 1950 258 1991 etiam
289 1951 404 2004 apud
435 1951 606 2002 angelos
645 1960 912 2004 caeterasque
957 1948 1158 1989 virtutum
1199 1946 1443 1988 coelestium
1472 1962 1555 2000 po-

131 2037 310 2075 testates,
341 2026 412 2081 qui
441 2026 586 2080 utique
616 2026 853 2076 glorificare
884 2041 995 2074 eum,
1026 2022 1144 2081 cujus
1184 2040 1316 2079 opera
1344 2023 1556 2078 probave-

131 2113 244 2152 runt,
272 2113 461 2157 possunt.
520 2100 701 2143 Occulta
739 2118 840 2143 vero
881 2101 1021 2144 cordis
1061 2099 1268 2157 quoniam
1302 2099 1433 2142 solius
1470 2098 1557 2141 Dei

255 2303 299 2358 ¹)
330 2302 463 2343 Deest
491 2301 718 2357 „quidem“
747 2303 792 2344 in
823 2305 917 2345 edd.
949 2303 1010 2345 M.

251 2373 298 2429 ²)
331 2374 443 2415 Alias
473 2373 533 2429 (v.
565 2390 598 2414 c.
629 2373 674 2414 in
706 2374 800 2415 edd.
830 2375 936 2429 M.):
963 2373 1218 2431 praevidet.“
1247 2371 1298 2415 R.

252 2450 300 2506 ³)
328 2451 439 2492 Edd.
471 2449 669 2492 Mcrlini:
701 2451 753 2491 ab
788 2452 1000 2492 omnibus.

252 2525 298 2584 4>
331 2528 457 2570 Deut.
493 2525 661 2578 XXIX,
693 2527 759 2571 29.
794 2552 846 2559 —
878 2527 989 2570 Edd.
1018 2527 1216 2570 Merliniz
1260 2526 1359 2583 quia
1391 2529 1557 2571 occulta

137 2595 234 2626 sunt
264 2595 340 2625 etc.

253 2659 299 2715 ⁵)
327 2661 604 2704 Desideratur
633 2665 826 2713 „autem“
855 2661 901 2705 in
934 2663 1029 2706 edd.
1057 2661 1121 2704 M.

253 2737 300 2792 εἰ)
331 2737 493 2781 Habac.
522 2738 575 2789 II,
603 2739 642 2781 4.

255 2811 301 2867 ⁷)
329 2813 408 2856 Ed.
439 2815 592 2859 Ruaei:
623 2816 721 2872 quia
749 2815 806 2869 hi,
835 2816 908 2873 qui
936 2840 1004 2867 -,
1035 2827 1076 2859 et
1103 2815 1149 2860 in
1180 2816 1348 2858 occulto
1380 2842 1448 2867 --,
1479 2816 1560 2857 ho-

138 2887 235 2913 rum
263 2870 353 2912 laus
384 2882 457 2913 etc.
