1788 3111
208 143 295 187 278
548 138 772 184 Omenms
801 154 849 184 m
876 141 954 186 Ep,
985 152 1045 184 An
1077 141 1305 184 RomAnos

212 254 333 303 didit,
363 253 487 296 etiam
516 255 644 297 nobis
672 255 939 312 reputabitur
971 257 1073 298 fides
1116 256 1171 297 ad
1199 254 1400 313 justitiam
1431 258 1637 307 „creden-

211 332 321 373 tibus
341 331 383 387 ¹)
412 331 456 372 in
484 347 611 383 eum,
650 333 723 389 qui
752 333 964 375 suscitavit
991 333 1139 374 Jesum
1174 331 1391 374 Christum
1405 333 1451 391 ²)
1483 333 1639 376 Domi-

211 426 316 450 num
349 420 545 451 nostrum
579 427 600 452 a
630 397 850 451 mortuisss
913 409 1112 466 Velim3)
1143 426 1245 451 sane
1273 409 1505 466 requirere,
1536 411 1643 467 quid

215 498 286 536 est,
317 487 436 542 quod
466 487 512 528 in
542 488 627 529 hoc
656 488 756 529 loco
789 488 1021 541 Apostolus
1051 488 1197 528 Deum
1226 487 1479 538 nominans,
1510 488 1578 530 cui
1593 488 1640 543 ⁴)

215 563 447 614 credimus,
492 575 533 605 et
571 565 639 605 cui
667 564 889 605 Abraham
921 565 1117 616 credidit,
1145 583 1237 607 non
1269 565 1393 607 dixit:
1431 565 1643 606 credenti-

212 640 292 682 bus
321 640 364 681 in
395 641 540 683 Deum
573 642 802 689 excelsum,
833 642 918 682 vel:
954 644 1222 685 credentibus
1251 643 1296 685 in
1328 659 1446 692 eum,
1479 642 1550 698 qui
1579 643 1642 682 fe-

214 717 270 758 cit
301 719 470 759 coelum
502 730 542 759 et
568 730 740 768 terram,
769 719 853 758 vel:
882 718 926 759 in
959 734 1083 770 eum,
1114 720 1186 775 qui
1217 720 1315 761 fecit
1346 721 1518 772 angelos
1549 735 1643 761 cae-

212 805 408 850 terasque
438 795 624 838 caelestis
657 795 817 847 gloriae
846 795 1040 849 virtutes3
1080 798 1155 839 sed
1196 797 1272 838 ait:
1316 797 1477 853 „qui⁵)
1514 797 1645 839 susci-

215 873 314 913 tavit
341 870 585 915 Dominum
623 874 771 915 Jesum
814 889 837 914 a
877 874 1096 916 mortuis.“
1156 873 1255 929 Qua
1294 890 1394 926 ergo
1435 875 1489 915 de
1520 889 1645 915 causa

216 950 271 990 ad
302 951 668 1005 comparationem
701 950 802 992 fidei
832 950 1068 991 Abrahami
1092 950 1235 993 titulus
1265 951 1340 993 iste
1370 949 1646 991 resurrectio-

214 1026 279 1068 nis
311 1026 492 1069 Domini
529 1027 776 1077 assumitur,
816 1027 1094 1083 requiramus.
1159 1027 1384 1083 Numquid
1422 1027 1646 1067 Abraham

215 1104 259 1145 in
292 1120 389 1145 eum
421 1104 672 1156 crediderat,
702 1105 775 1161 qui
803 1104 1013 1146 suscitavit
1041 1104 1283 1146 Dominum
1315 1104 1461 1145 Jesum
1480 1120 1502 1144 a
1525 1119 1647 1144 mor-

215 1180 311 1231 tuis,
341 1198 441 1222 cum
470 1181 592 1223 Jesus
630 1193 733 1222 tunc
770 1184 969 1223 nondum
1007 1181 1151 1223 fuisset
1180 1180 1445 1223 resuscitatus
1476 1196 1499 1221 a
1528 1196 1648 1220 mor-

214 1257 327 1299 tuis?
385 1258 527 1300 Veiim
543 1257 588 1311 6)
627 1273 727 1310 ergo
768 1258 1063 1309 considerare,
1101 1257 1205 1314 quid
1242 1257 1376 1298 visum
1416 1257 1470 1298 sit
1508 1255 1647 1298 Paulo

216 1334 484 1391 promittenti
511 1335 651 1385 nobis,
682 1334 794 1390 quia,
823 1334 930 1376 sicut
958 1335 1211 1376 Abrahamo
1243 1345 1438 1390 reputata
1468 1344 1528 1375 est
1557 1348 1651 1375 cre-

218 1411 335 1453 denti
364 1413 469 1454 fides
499 1413 554 1453 ad
583 1410 808 1468 justitiam,
845 1411 901 1452 ita
944 1423 984 1452 et
1014 1412 1141 1453 nobis
1170 1410 1439 1467 reputabitur
1467 1412 1648 1453 creden·

217 1489 329 1531 tibus
357 1487 404 1530 in
435 1505 559 1539 eum,
599 1489 673 1544 qui
704 1489 916 1531 suscitavit
944 1489 1092 1531 Jesum
1123 1488 1367 1530 Dominum
1398 1499 1592 1531 nostrum
1625 1504 1649 1529 a

218 1565 411 1607 mortuis.
468 1566 519 1608 In
559 1582 645 1622 quo
679 1581 755 1617 ego
797 1583 878 1622 pro
911 1565 1117 1622 parvitate
1144 1582 1290 1608 sensus
1318 1565 1404 1607 mei
1433 1566 1543 1607 illud
1574 1566 1651 1608 ad-

219 1655 352 1693 verto,
385 1645 504 1699 quod
533 1643 669 1684 multo
699 1643 751 1684 sit
778 1643 1117 1696 magnificentius
1151 1643 1197 1684 in
1226 1644 1425 1685 laudibus
1453 1643 1551 1693 Dei,
1580 1659 1649 1683 re-

218 1719 436 1761 suscitasse
462 1719 611 1761 Jesurn
641 1719 886 1761 Dominum
915 1732 1111 1762 nostrum
1145 1737 1167 1762 a
1196 1719 1399 1769 mortuis,
1428 1735 1558 1775 quarn
1588 1720 1650 1759 fe-

222 1797 324 1838 cisse
354 1797 523 1838 coelum
554 1808 594 1837 et
621 1808 800 1846 terram,
841 1812 1002 1838 creasse
1028 1798 1213 1848 angelos,
1244 1808 1284 1837 et
1314 1799 1515 1839 coelestes
1544 1813 1651 1838 con-

223 1873 375 1916 didisse
410 1873 594 1916 virtutes.
665 1874 778 1916 Illud
817 1876 931 1916 enim
971 1874 1053 1916 fuit
1090 1876 1229 1916 facere
1260 1891 1370 1930 quae
1397 1891 1490 1916 non
1520 1885 1652 1924 erant,

223 1951 309 1992 hoc
340 1962 482 1992 autem
513 1968 714 2007 reparare
733 1953 902 2008 quae7)
933 1954 1156 2010 perierant.
1204 1952 1319 1994 Illud
1341 1952 1421 1994 fuit
1449 1953 1650 1993 nondum

225 2030 363 2070 deleta
388 2028 619 2078 instituere,
652 2029 737 2071 hoc
766 2027 851 2086 jam
888 2032 1024 2072 deleta
1050 2030 1278 2072 restituere.
1325 2029 1439 2071 Illud
1469 2028 1655 2084 denique

222 2104 431 2162 jussione,
470 2106 556 2148 hoc
594 2106 793 2163 passione
835 2110 1071 2164 perfectum
1114 2119 1185 2149 est.
1254 2107 1340 2148 Sed
1382 2104 1508 2164 hujus
1549 2106 1653 2148 tanti

345 2238 387 2294 ¹)
418 2238 545 2281 Rom.
577 2240 650 2290 IV,
678 2242 747 2283 24.

254 2366 307 2406 dd
342 2309 402 2404 ²3¹
418 2309 549 2352 Deest
587 2310 628 2350 h.
659 2311 782 2359 loco,
828 2313 902 2353 cfr.
934 2330 974 2368 p.
1005 2313 1102 2357 277.
1134 2324 1220 2354 not.
1252 2313 1288 2355 7.
1309 2311 1578 2364 ,‚Christum“
1607 2311 1650 2352 in

228 2382 249 2406 e
316 2397 323 2406 .
357 2380 366 2405 J
409 2399 417 2407 .

343 2435 389 2489 ὃ)
419 2435 531 2476 Edd.
562 2435 757 2478 Merlini:
789 2437 953 2479 Vellem
984 2454 1085 2479 sane
1116 2449 1190 2478 etc.

344 2504 390 2559 ⁴)
420 2505 534 2548 Alias
563 2506 624 2562 (v.
656 2524 691 2547 c.
720 2506 765 2547 in
796 2508 891 2548 edd.
921 2507 1029 2563 Μ.);
1058 2508 1158 2563 „qui
1189 2508 1406 2549 credidit.“
1436 2506 1484 2547 R.

349 2576 394 2629 ⁶)
425 2576 551 2617 Rom.
585 2577 654 2625 IV,
683 2577 750 2618 24.
781 2577 875 2617 coll.
910 2594 950 2632 p.
982 2577 1067 2634 huj.
1101 2589 1176 2618 not
1206 2579 1245 2618 2.

347 2645 394 2701 ⁶)
424 2646 536 2688 Edd.
569 2645 765 2686 NIerlini:
795 2645 960 2687 Vellem
994 2662 1092 2698 ergo
1126 2659 1200 2688 etc.

350 2717 394 2772 ⁷)
426 2716 543 2757 Editi
571 2717 632 2771 (v.
665 2732 698 2757 c.
729 2717 825 2756 cdd.
856 2715 962 2771 Rl.):
1005 2718 1148 2772 „quod
1180 2717 1374 2773 perierat.
1433 2718 1545 2760 Ill-ad
1577 2718 1655 2759 fuit

233 2774 429 2813 nondum
463 2772 628 2831 dejecta
659 2772 895 2821 instituere,
926 2774 1009 2814 hoc
1040 2785 1177 2815 autem
1210 2773 1370 2828 dejecta
1401 2774 1656 2817 restituerc.“

232 2830 319 2870 Sed
353 2828 492 2871 Codd,
521 2829 655 2871 nostri
690 2828 789 2870 Mss.
819 2830 974 2881 legunt,
1003 2830 1073 2871 alii
1103 2830 1281 2880 „dilecta
1294 2837 1331 2880 ‚“
1362 2832 1469 2876 sicut
1499 2841 1540 2874 et
1569 2831 1654 2872 Ra-

223 2887 384 2937 banus,
415 2886 486 2928 alii
515 2886 715 2938 „deleta,‘⁸
746 2884 818 2927 alii
847 2903 948 2930 vero
979 2888 1216 2944 „dirum-‘if‘
1245 2887 1294 2928 R.
