<?xml version="1.0" encoding="UTF-8"?>
<!DOCTYPE html PUBLIC "-//W3C//DTD XHTML 1.0 Transitional//EN"
    "http://www.w3.org/TR/xhtml1/DTD/xhtml1-transitional.dtd">
<html xmlns="http://www.w3.org/1999/xhtml" xml:lang="en" lang="en">
 <head>
  <title>
</title>
<meta http-equiv="Content-Type" content="text/html;charset=utf-8" />
  <meta name='ocr-system' content='tesseract 3.04.00' />
  <meta name='ocr-capabilities' content='ocr_page ocr_carea ocr_par ocr_line ocrx_word'/>
</head>
<body>
  <div class='ocr_page' id='page_1' title='image "./operaomniaquaegr06orig/operaomniaquaegr06orig_0387.png"; bbox 0 0 1788 3111; ppageno 0'>
   <div class='ocr_carea' id='block_1_1' title="bbox 535 103 1574 154">
    <p class='ocr_par' dir='ltr' id='par_1_1' title="bbox 535 103 1574 154">
     <span class='ocr_line' id='line_1_1' title="bbox 535 103 1574 154; baseline 0.009 -9"><span class='ocrx_word' id='word_1_1' title='bbox 535 103 984 146; x_wconf 75' lang='lat' dir='ltr'><strong>COMMENTAMORUM</strong></span> <span class='ocrx_word' id='word_1_2' title='bbox 1014 105 1104 147; x_wconf 78' lang='lat' dir='ltr'><strong>Lm.</strong></span> <span class='ocrx_word' id='word_1_3' title='bbox 1130 106 1180 147; x_wconf 88' lang='lat' dir='ltr'><strong>V.</strong></span> <span class='ocrx_word' id='word_1_4' title='bbox 1489 110 1574 154; x_wconf 85' lang='lat'><strong>375</strong></span> 
     </span>
    </p>
   </div>
   <div class='ocr_carea' id='block_1_2' title="bbox 115 215 1570 2039">
    <p class='ocr_par' dir='ltr' id='par_1_2' title="bbox 115 215 1570 2039">
     <span class='ocr_line' id='line_1_2' title="bbox 142 215 1570 276; baseline 0.006 -20"><span class='ocrx_word' id='word_1_5' title='bbox 142 215 214 256; x_wconf 83' lang='lat' dir='ltr'><strong>tali</strong></span> <span class='ocrx_word' id='word_1_6' title='bbox 241 232 437 272; x_wconf 87' lang='lat' dir='ltr'><strong>corpore,</strong></span> <span class='ocrx_word' id='word_1_7' title='bbox 456 218 507 257; x_wconf 82' lang='lat' dir='ltr'><strong>ad</strong></span> <span class='ocrx_word' id='word_1_8' title='bbox 528 216 817 258; x_wconf 86' lang='lat' dir='ltr'><strong>obediendum</strong></span> <span class='ocrx_word' id='word_1_9' title='bbox 841 216 1057 259; x_wconf 70' lang='lat' dir='ltr'><strong>desideriis</strong></span> <span class='ocrx_word' id='word_1_10' title='bbox 1080 216 1207 273; x_wconf 79' lang='lat' dir='ltr'><strong>ejus.“</strong></span> <span class='ocrx_word' id='word_1_11' title='bbox 1249 219 1297 262; x_wconf 91' lang='lat' dir='ltr'><strong>In</strong></span> <span class='ocrx_word' id='word_1_12' title='bbox 1318 237 1404 276; x_wconf 91' lang='lat' dir='ltr'><strong>quo</strong></span> <span class='ocrx_word' id='word_1_13' title='bbox 1429 233 1570 264; x_wconf 88' lang='lat' dir='ltr'><strong>osten-</strong></span> 
     </span>
     <span class='ocr_line' id='line_1_3' title="bbox 143 292 1567 354; baseline 0.006 -22"><span class='ocrx_word' id='word_1_14' title='bbox 143 292 216 341; x_wconf 78' lang='lat' dir='ltr'><strong>dit,</strong></span> <span class='ocrx_word' id='word_1_15' title='bbox 249 294 367 347; x_wconf 91' lang='lat' dir='ltr'><strong>quod</strong></span> <span class='ocrx_word' id='word_1_16' title='bbox 400 293 576 333; x_wconf 87' lang='lat' dir='ltr'><strong>obedire</strong></span> <span class='ocrx_word' id='word_1_17' title='bbox 616 292 829 334; x_wconf 82' lang='lat' dir='ltr'>desideriis</span> <span class='ocrx_word' id='word_1_18' title='bbox 869 293 1032 348; x_wconf 84' lang='lat' dir='ltr'><strong>peccati</strong></span> <span class='ocrx_word' id='word_1_19' title='bbox 1069 294 1152 336; x_wconf 87' lang='lat' dir='ltr'><strong>hoc</strong></span> <span class='ocrx_word' id='word_1_20' title='bbox 1184 307 1263 347; x_wconf 88' lang='lat' dir='ltr'><strong>est,</strong></span> <span class='ocrx_word' id='word_1_21' title='bbox 1301 297 1438 339; x_wconf 87' lang='lat' dir='ltr'><strong>vivere</strong></span> <span class='ocrx_word' id='word_1_22' title='bbox 1465 315 1567 354; x_wconf 88' lang='lat' dir='ltr'><strong>pee-</strong></span> 
     </span>
     <span class='ocr_line' id='line_1_4' title="bbox 141 368 1563 427; baseline 0.006 -18"><span class='ocrx_word' id='word_1_23' title='bbox 141 380 247 409; x_wconf 83' lang='lat' dir='ltr'><strong>cato.</strong></span> <span class='ocrx_word' id='word_1_24' title='bbox 309 368 442 422; x_wconf 85' lang='lat' dir='ltr'><strong>Quod</strong></span> <span class='ocrx_word' id='word_1_25' title='bbox 480 370 514 410; x_wconf 88' lang='lat' dir='ltr'><strong>si</strong></span> <span class='ocrx_word' id='word_1_26' title='bbox 558 371 697 410; x_wconf 83' lang='lat' dir='ltr'><strong>facere</strong></span> <span class='ocrx_word' id='word_1_27' title='bbox 738 369 944 412; x_wconf 89' lang='lat' dir='ltr'><strong>desideria</strong></span> <span class='ocrx_word' id='word_1_28' title='bbox 985 372 1150 426; x_wconf 87' lang='lat' dir='ltr'><strong>peccati</strong></span> <span class='ocrx_word' id='word_1_29' title='bbox 1198 387 1373 427; x_wconf 84' lang='lat' dir='ltr'><strong>peccato</strong></span> <span class='ocrx_word' id='word_1_30' title='bbox 1410 377 1563 418; x_wconf 75' lang='lat' dir='ltr'><strong>,vivere</strong></span> 
     </span>
     <span class='ocr_line' id='line_1_5' title="bbox 139 445 1563 501; baseline 0.008 -16"><span class='ocrx_word' id='word_1_31' title='bbox 139 456 220 494; x_wconf 86' lang='lat' dir='ltr'><strong>est,</strong></span> <span class='ocrx_word' id='word_1_32' title='bbox 260 462 349 486; x_wconf 89' lang='lat' dir='ltr'><strong>non</strong></span> <span class='ocrx_word' id='word_1_33' title='bbox 394 448 532 487; x_wconf 80' lang='lat' dir='ltr'><strong>facere</strong></span> <span class='ocrx_word' id='word_1_34' title='bbox 570 445 776 487; x_wconf 85' lang='lat' dir='ltr'><strong>desideria</strong></span> <span class='ocrx_word' id='word_1_35' title='bbox 805 446 991 501; x_wconf 86' lang='lat' dir='ltr'><strong>peccati,</strong></span> <span class='ocrx_word' id='word_1_36' title='bbox 1031 464 1111 488; x_wconf 88' lang='lat' dir='ltr'><strong>nec</strong></span> <span class='ocrx_word' id='word_1_37' title='bbox 1152 448 1328 492; x_wconf 85' lang='lat' dir='ltr'><strong>obedire</strong></span> <span class='ocrx_word' id='word_1_38' title='bbox 1356 453 1563 496; x_wconf 81' lang='lat' dir='ltr'><strong>voluntati</strong></span> 
     </span>
     <span class='ocr_line' id='line_1_6' title="bbox 138 519 1564 582; baseline 0.008 -22"><span class='ocrx_word' id='word_1_39' title='bbox 138 519 239 577; x_wconf 84' lang='lat' dir='ltr'><strong>ejus,</strong></span> <span class='ocrx_word' id='word_1_40' title='bbox 272 521 356 561; x_wconf 87' lang='lat' dir='ltr'><strong>hoc</strong></span> <span class='ocrx_word' id='word_1_41' title='bbox 389 533 447 563; x_wconf 90' lang='lat' dir='ltr'><strong>est</strong></span> <span class='ocrx_word' id='word_1_42' title='bbox 475 523 587 564; x_wconf 86' lang='lat' dir='ltr'><strong>mori</strong></span> <span class='ocrx_word' id='word_1_43' title='bbox 617 534 814 577; x_wconf 84' lang='lat' dir='ltr'><strong>peccato:</strong></span> <span class='ocrx_word' id='word_1_44' title='bbox 857 526 975 578; x_wconf 89' lang='lat' dir='ltr'><strong>quod</strong></span> <span class='ocrx_word' id='word_1_45' title='bbox 1017 536 1158 566; x_wconf 85' lang='lat' dir='ltr'><strong>tamen</strong></span> <span class='ocrx_word' id='word_1_46' title='bbox 1197 540 1420 582; x_wconf 84' lang='lat' dir='ltr'><strong>peccatum</strong></span> <span class='ocrx_word' id='word_1_47' title='bbox 1451 532 1564 572; x_wconf 88' lang='lat' dir='ltr'><strong>velut</strong></span> 
     </span>
     <span class='ocr_line' id='line_1_7' title="bbox 137 599 1562 661; baseline 0.006 -23"><span class='ocrx_word' id='word_1_48' title='bbox 137 599 279 639; x_wconf 84' lang='lat' dir='ltr'><strong>sedem</strong></span> <span class='ocrx_word' id='word_1_49' title='bbox 330 601 545 653; x_wconf 76' lang='lat' dir='ltr'><strong>quandam</strong></span> <span class='ocrx_word' id='word_1_50' title='bbox 586 610 625 640; x_wconf 86' lang='lat' dir='ltr'><strong>et</strong></span> <span class='ocrx_word' id='word_1_51' title='bbox 662 599 817 641; x_wconf 81' lang='lat' dir='ltr'><strong>solium</strong></span> <span class='ocrx_word' id='word_1_52' title='bbox 858 601 975 652; x_wconf 86' lang='lat' dir='ltr'><strong>regni</strong></span> <span class='ocrx_word' id='word_1_53' title='bbox 1011 602 1075 643; x_wconf 85' lang='lat' dir='ltr'><strong>sui</strong></span> <span class='ocrx_word' id='word_1_54' title='bbox 1112 601 1156 644; x_wconf 85' lang='lat' dir='ltr'><strong>in</strong></span> <span class='ocrx_word' id='word_1_55' title='bbox 1196 615 1345 645; x_wconf 87' lang='lat' dir='ltr'><strong>nostro</strong></span> <span class='ocrx_word' id='word_1_56' title='bbox 1377 621 1562 661; x_wconf 88' lang='lat' dir='ltr'><strong>corpore</strong></span> 
     </span>
     <span class='ocr_line' id='line_1_8' title="bbox 139 675 1561 732; baseline 0.008 -18"><span class='ocrx_word' id='word_1_57' title='bbox 139 676 398 715; x_wconf 82' lang='lat' dir='ltr'><strong>collocatum</strong></span> <span class='ocrx_word' id='word_1_58' title='bbox 444 676 602 716; x_wconf 86' lang='lat' dir='ltr'><strong>habere</strong></span> <span class='ocrx_word' id='word_1_59' title='bbox 651 675 752 716; x_wconf 78' lang='lat' dir='ltr'><strong>dicit</strong></span> <span class='ocrx_word' id='word_1_60' title='bbox 801 677 1045 732; x_wconf 85' lang='lat' dir='ltr'><strong>Apostolus.</strong></span> <span class='ocrx_word' id='word_1_61' title='bbox 1113 678 1186 721; x_wconf 88' lang='lat' dir='ltr'><strong>Est</strong></span> <span class='ocrx_word' id='word_1_62' title='bbox 1222 681 1334 722; x_wconf 86' lang='lat' dir='ltr'><strong>enim</strong></span> <span class='ocrx_word' id='word_1_63' title='bbox 1380 682 1561 725; x_wconf 84' lang='lat' dir='ltr'><strong>familia-</strong></span> 
     </span>
     <span class='ocr_line' id='line_1_9' title="bbox 134 751 1558 812; baseline 0.006 -21"><span class='ocrx_word' id='word_1_64' title='bbox 134 751 284 806; x_wconf 76' lang='lat' dir='ltr'><strong>rim-¹)</strong></span> <span class='ocrx_word' id='word_1_65' title='bbox 325 752 361 793; x_wconf 90' lang='lat' dir='ltr'><strong>ei</strong></span> <span class='ocrx_word' id='word_1_66' title='bbox 396 769 490 807; x_wconf 85' lang='lat' dir='ltr'><strong>pars</strong></span> <span class='ocrx_word' id='word_1_67' title='bbox 520 751 593 793; x_wconf 88' lang='lat' dir='ltr'><strong>ista</strong></span> <span class='ocrx_word' id='word_1_68' title='bbox 629 752 907 803; x_wconf 83' lang='lat' dir='ltr'><strong>substantiae,</strong></span> <span class='ocrx_word' id='word_1_69' title='bbox 958 766 999 795; x_wconf 91' lang='lat' dir='ltr'><strong>et</strong></span> <span class='ocrx_word' id='word_1_70' title='bbox 1041 755 1177 797; x_wconf 84' lang='lat' dir='ltr'><strong>amica</strong></span> <span class='ocrx_word' id='word_1_71' title='bbox 1215 759 1424 812; x_wconf 81' lang='lat' dir='ltr'><strong>quaedam</strong></span> <span class='ocrx_word' id='word_1_72' title='bbox 1459 774 1558 801; x_wconf 88' lang='lat' dir='ltr'><strong>cum</strong></span> 
     </span>
     <span class='ocr_line' id='line_1_10' title="bbox 137 828 1558 886; baseline 0.006 -17"><span class='ocrx_word' id='word_1_73' title='bbox 137 828 272 870; x_wconf 85' lang='lat' dir='ltr'><strong>carnis</strong></span> <span class='ocrx_word' id='word_1_74' title='bbox 303 828 588 884; x_wconf 81' lang='lat' dir='ltr'><strong>voluptatibus</strong></span> <span class='ocrx_word' id='word_1_75' title='bbox 618 829 878 885; x_wconf 80' lang='lat' dir='ltr'><strong>societas,²)</strong></span> <span class='ocrx_word' id='word_1_76' title='bbox 918 846 965 871; x_wconf 89' lang='lat' dir='ltr'><strong>ex</strong></span> <span class='ocrx_word' id='word_1_77' title='bbox 1009 848 1091 886; x_wconf 85' lang='lat' dir='ltr'><strong>qua</strong></span> <span class='ocrx_word' id='word_1_78' title='bbox 1135 833 1379 876; x_wconf 77' lang='lat' dir='ltr'>occasiones</span> <span class='ocrx_word' id='word_1_79' title='bbox 1408 835 1558 878; x_wconf 80' lang='lat' dir='ltr'><strong>incita-</strong></span> 
     </span>
     <span class='ocr_line' id='line_1_11' title="bbox 137 906 1555 967; baseline 0.006 -22"><span class='ocrx_word' id='word_1_80' title='bbox 137 907 268 947; x_wconf 83' lang='lat' dir='ltr'><strong>menti</strong></span> <span class='ocrx_word' id='word_1_81' title='bbox 299 906 498 946; x_wconf 83' lang='lat' dir='ltr'><strong>naturalis</strong></span> <span class='ocrx_word' id='word_1_82' title='bbox 531 922 769 955; x_wconf 85' lang='lat' dir='ltr'><strong>assumens,</strong></span> <span class='ocrx_word' id='word_1_83' title='bbox 809 923 941 962; x_wconf 88' lang='lat' dir='ltr'><strong>parvo</strong></span> <span class='ocrx_word' id='word_1_84' title='bbox 983 908 1232 951; x_wconf 87' lang='lat' dir='ltr'><strong>diverticulo</strong></span> <span class='ocrx_word' id='word_1_85' title='bbox 1269 911 1312 951; x_wconf 90' lang='lat' dir='ltr'><strong>in</strong></span> <span class='ocrx_word' id='word_1_86' title='bbox 1343 911 1555 967; x_wconf 87' lang='lat' dir='ltr'><strong>praecipi-</strong></span> 
     </span>
     <span class='ocr_line' id='line_1_12' title="bbox 130 982 1554 1042; baseline 0.006 -20"><span class='ocrx_word' id='word_1_87' title='bbox 130 982 237 1023; x_wconf 82' lang='lat' dir='ltr'>tium</span> <span class='ocrx_word' id='word_1_88' title='bbox 267 982 415 1023; x_wconf 87' lang='lat' dir='ltr'><strong>mortis</strong></span> <span class='ocrx_word' id='word_1_89' title='bbox 443 993 620 1023; x_wconf 83' lang='lat' dir='ltr'><strong>naturae</strong></span> <span class='ocrx_word' id='word_1_90' title='bbox 651 983 846 1024; x_wconf 76' lang='lat' dir='ltr'>ordinem</span> <span class='ocrx_word' id='word_1_91' title='bbox 881 984 1022 1036; x_wconf 83' lang='lat' dir='ltr'><strong>vergit.</strong></span> <span class='ocrx_word' id='word_1_92' title='bbox 1076 984 1162 1026; x_wconf 86' lang='lat' dir='ltr'><strong>Sed</strong></span> <span class='ocrx_word' id='word_1_93' title='bbox 1194 998 1251 1036; x_wconf 88' lang='lat' dir='ltr'><strong>ut,</strong></span> <span class='ocrx_word' id='word_1_94' title='bbox 1280 989 1396 1042; x_wconf 84' lang='lat' dir='ltr'><strong>quod</strong></span> <span class='ocrx_word' id='word_1_95' title='bbox 1415 987 1459 1041; x_wconf 79' lang='lat'><strong>³)</strong></span> <span class='ocrx_word' id='word_1_96' title='bbox 1490 988 1554 1029; x_wconf 89' lang='lat' dir='ltr'><strong>di-</strong></span> 
     </span>
     <span class='ocr_line' id='line_1_13' title="bbox 131 1058 1552 1120; baseline 0.006 -21"><span class='ocrx_word' id='word_1_97' title='bbox 131 1058 278 1108; x_wconf 83' lang='lat' dir='ltr'>cimus,</span> <span class='ocrx_word' id='word_1_98' title='bbox 309 1060 447 1100; x_wconf 80' lang='lat' dir='ltr'><strong>adhuc</strong></span> <span class='ocrx_word' id='word_1_99' title='bbox 479 1059 660 1113; x_wconf 80' lang='lat' dir='ltr'><strong>apertius</strong></span> <span class='ocrx_word' id='word_1_100' title='bbox 693 1062 961 1115; x_wconf 78' lang='lat' dir='ltr'><strong>explanetur,</strong></span> <span class='ocrx_word' id='word_1_101' title='bbox 1001 1062 1182 1118; x_wconf 82' lang='lat' dir='ltr'><strong>exempli</strong></span> <span class='ocrx_word' id='word_1_102' title='bbox 1211 1079 1381 1105; x_wconf 87' lang='lat' dir='ltr'><strong>causam</strong></span> <span class='ocrx_word' id='word_1_103' title='bbox 1412 1081 1552 1120; x_wconf 90' lang='lat' dir='ltr'><strong>pona-</strong></span> 
     </span>
     <span class='ocr_line' id='line_1_14' title="bbox 129 1135 1551 1197; baseline 0.006 -22"><span class='ocrx_word' id='word_1_104' title='bbox 129 1153 235 1177; x_wconf 85' lang='lat' dir='ltr'><strong>mus.</strong></span> <span class='ocrx_word' id='word_1_105' title='bbox 311 1135 532 1175; x_wconf 77' lang='lat' dir='ltr'><strong>Naturales</strong></span> <span class='ocrx_word' id='word_1_106' title='bbox 574 1138 835 1190; x_wconf 78' lang='lat' dir='ltr'><strong>appetentias</strong></span> <span class='ocrx_word' id='word_1_107' title='bbox 878 1139 1006 1179; x_wconf 81' lang='lat' dir='ltr'><strong>habet</strong></span> <span class='ocrx_word' id='word_1_108' title='bbox 1054 1155 1151 1180; x_wconf 89' lang='lat' dir='ltr'><strong>caro</strong></span> <span class='ocrx_word' id='word_1_109' title='bbox 1202 1141 1286 1182; x_wconf 84' lang='lat' dir='ltr'><strong>cibi</strong></span> <span class='ocrx_word' id='word_1_110' title='bbox 1330 1152 1369 1181; x_wconf 88' lang='lat' dir='ltr'><strong>ct</strong></span> <span class='ocrx_word' id='word_1_111' title='bbox 1411 1153 1551 1197; x_wconf 83' lang='lat' dir='ltr'><strong>potus,</strong></span> 
     </span>
     <span class='ocr_line' id='line_1_15' title="bbox 128 1212 1550 1273; baseline 0.005 -21"><span class='ocrx_word' id='word_1_112' title='bbox 128 1223 236 1267; x_wconf 82' lang='lat' dir='ltr'><strong>quae</strong></span> <span class='ocrx_word' id='word_1_113' title='bbox 265 1212 373 1253; x_wconf 82' lang='lat' dir='ltr'><strong>intra</strong></span> <span class='ocrx_word' id='word_1_114' title='bbox 406 1222 536 1252; x_wconf 83' lang='lat' dir='ltr'><strong>certas</strong></span> <span class='ocrx_word' id='word_1_115' title='bbox 567 1228 784 1255; x_wconf 80' lang='lat' dir='ltr'><strong>mensuras</strong></span> <span class='ocrx_word' id='word_1_116' title='bbox 813 1215 1090 1256; x_wconf 80' lang='lat' dir='ltr'><strong>sufficientiae</strong></span> <span class='ocrx_word' id='word_1_117' title='bbox 1125 1216 1417 1258; x_wconf 88' lang='lat' dir='ltr'><strong>continentur:</strong></span> <span class='ocrx_word' id='word_1_118' title='bbox 1448 1234 1550 1273; x_wconf 87' lang='lat' dir='ltr'><strong>quas</strong></span> 
     </span>
     <span class='ocr_line' id='line_1_16' title="bbox 124 1289 1549 1346; baseline 0.003 -16"><span class='ocrx_word' id='word_1_119' title='bbox 124 1290 156 1330; x_wconf 89' lang='lat' dir='ltr'><strong>si</strong></span> <span class='ocrx_word' id='word_1_120' title='bbox 190 1290 281 1344; x_wconf 89' lang='lat' dir='ltr'><strong>quis</strong></span> <span class='ocrx_word' id='word_1_121' title='bbox 324 1289 497 1329; x_wconf 80' lang='lat' dir='ltr'><strong>excedat</strong></span> <span class='ocrx_word' id='word_1_122' title='bbox 534 1289 810 1343; x_wconf 80' lang='lat' dir='ltr'><strong>persuasione</strong></span> <span class='ocrx_word' id='word_1_123' title='bbox 853 1291 1038 1346; x_wconf 85' lang='lat' dir='ltr'><strong>pcccati,</strong></span> <span class='ocrx_word' id='word_1_124' title='bbox 1082 1289 1167 1346; x_wconf 67' lang='lat' dir='ltr'><strong>jam</strong></span> <span class='ocrx_word' id='word_1_125' title='bbox 1207 1309 1295 1333; x_wconf 92' lang='lat' dir='ltr'><strong>non</strong></span> <span class='ocrx_word' id='word_1_126' title='bbox 1335 1291 1478 1334; x_wconf 88' lang='lat' dir='ltr'><strong>cibum</strong></span> <span class='ocrx_word' id='word_1_127' title='bbox 1509 1306 1549 1335; x_wconf 86' lang='lat' dir='ltr'><strong>et</strong></span> 
     </span>
     <span class='ocr_line' id='line_1_17' title="bbox 124 1364 1547 1421; baseline 0.003 -15"><span class='ocrx_word' id='word_1_128' title='bbox 124 1379 291 1421; x_wconf 86' lang='lat' dir='ltr'><strong>potum,</strong></span> <span class='ocrx_word' id='word_1_129' title='bbox 322 1364 456 1421; x_wconf 68' lang='lat' dir='ltr'><strong>qui4)</strong></span> <span class='ocrx_word' id='word_1_130' title='bbox 489 1377 664 1405; x_wconf 83' lang='lat' dir='ltr'><strong>naturae</strong></span> <span class='ocrx_word' id='word_1_131' title='bbox 693 1367 860 1416; x_wconf 83' lang='lat' dir='ltr'><strong>sufficit,</strong></span> <span class='ocrx_word' id='word_1_132' title='bbox 889 1384 1012 1418; x_wconf 80' lang='lat' dir='ltr'><strong>caro,</strong></span> <span class='ocrx_word' id='word_1_133' title='bbox 1058 1369 1131 1409; x_wconf 88' lang='lat' dir='ltr'><strong>sed</strong></span> <span class='ocrx_word' id='word_1_134' title='bbox 1169 1368 1380 1409; x_wconf 80' lang='lat' dir='ltr'><strong>luxuriam</strong></span> <span class='ocrx_word' id='word_1_135' title='bbox 1408 1381 1547 1411; x_wconf 85' lang='lat' dir='ltr'><strong>ternu-</strong></span> 
     </span>
     <span class='ocr_line' id='line_1_18' title="bbox 124 1442 1546 1498; baseline 0.003 -14"><span class='ocrx_word' id='word_1_136' title='bbox 124 1443 382 1498; x_wconf 86' lang='lat' dir='ltr'><strong>lentiamque</strong></span> <span class='ocrx_word' id='word_1_137' title='bbox 413 1442 617 1497; x_wconf 79' lang='lat' dir='ltr'><strong>deposcit,</strong></span> <span class='ocrx_word' id='word_1_138' title='bbox 677 1442 814 1484; x_wconf 85' lang='lat' dir='ltr'><strong>Simili</strong></span> <span class='ocrx_word' id='word_1_139' title='bbox 853 1443 975 1485; x_wconf 80' lang='lat' dir='ltr'><strong>etiam</strong></span> <span class='ocrx_word' id='word_1_140' title='bbox 1020 1447 1155 1486; x_wconf 89' lang='lat' dir='ltr'><strong>modo</strong></span> <span class='ocrx_word' id='word_1_141' title='bbox 1193 1444 1300 1486; x_wconf 83' lang='lat' dir='ltr'><strong>inest</strong></span> <span class='ocrx_word' id='word_1_142' title='bbox 1337 1447 1452 1488; x_wconf 83' lang='lat' dir='ltr'><strong>carni</strong></span> <span class='ocrx_word' id='word_1_143' title='bbox 1480 1447 1546 1488; x_wconf 86' lang='lat' dir='ltr'><strong>in-</strong></span> 
     </span>
     <span class='ocr_line' id='line_1_19' title="bbox 123 1520 1544 1580; baseline 0.004 -20"><span class='ocrx_word' id='word_1_144' title='bbox 123 1521 397 1561; x_wconf 84' lang='lat' dir='ltr'><strong>citamentum</strong></span> <span class='ocrx_word' id='word_1_145' title='bbox 441 1520 652 1568; x_wconf 77' lang='lat' dir='ltr'><strong>naturale,</strong></span> <span class='ocrx_word' id='word_1_146' title='bbox 700 1536 785 1574; x_wconf 87' lang='lat' dir='ltr'><strong>quo</strong></span> <span class='ocrx_word' id='word_1_147' title='bbox 824 1520 990 1562; x_wconf 78' lang='lat' dir='ltr'><strong>misceri</strong></span> <span class='ocrx_word' id='word_1_148' title='bbox 1033 1521 1218 1563; x_wconf 85' lang='lat' dir='ltr'><strong>feminae</strong></span> <span class='ocrx_word' id='word_1_149' title='bbox 1258 1539 1381 1565; x_wconf 87' lang='lat' dir='ltr'><strong>causa</strong></span> <span class='ocrx_word' id='word_1_150' title='bbox 1420 1541 1544 1580; x_wconf 81' lang='lat' dir='ltr'><strong>repa-</strong></span> 
     </span>
     <span class='ocr_line' id='line_1_20' title="bbox 121 1596 1541 1657; baseline 0.004 -19"><span class='ocrx_word' id='word_1_151' title='bbox 121 1598 279 1638; x_wconf 83' lang='lat' dir='ltr'><strong>randae</strong></span> <span class='ocrx_word' id='word_1_152' title='bbox 307 1596 580 1637; x_wconf 80' lang='lat' dir='ltr'><strong>successionis</strong></span> <span class='ocrx_word' id='word_1_153' title='bbox 612 1608 827 1650; x_wconf 84' lang='lat' dir='ltr'><strong>exposcat:</strong></span> <span class='ocrx_word' id='word_1_154' title='bbox 857 1599 930 1639; x_wconf 89' lang='lat' dir='ltr'><strong>sed</strong></span> <span class='ocrx_word' id='word_1_155' title='bbox 950 1598 983 1639; x_wconf 91' lang='lat' dir='ltr'><strong>si</strong></span> <span class='ocrx_word' id='word_1_156' title='bbox 1009 1614 1055 1638; x_wconf 83' lang='lat' dir='ltr'><strong>ex</strong></span> <span class='ocrx_word' id='word_1_157' title='bbox 1080 1599 1159 1640; x_wconf 91' lang='lat' dir='ltr'><strong>hac</strong></span> <span class='ocrx_word' id='word_1_158' title='bbox 1189 1600 1415 1642; x_wconf 86' lang='lat' dir='ltr'><strong>occasione</strong></span> <span class='ocrx_word' id='word_1_159' title='bbox 1443 1618 1541 1657; x_wconf 88' lang='lat' dir='ltr'><strong>per-</strong></span> 
     </span>
     <span class='ocr_line' id='line_1_21' title="bbox 119 1672 1542 1730; baseline 0.004 -15"><span class='ocrx_word' id='word_1_160' title='bbox 119 1675 323 1715; x_wconf 78' lang='lat' dir='ltr'><strong>suadente</strong></span> <span class='ocrx_word' id='word_1_161' title='bbox 352 1684 530 1727; x_wconf 84' lang='lat' dir='ltr'><strong>peccato</strong></span> <span class='ocrx_word' id='word_1_162' title='bbox 564 1672 799 1714; x_wconf 83' lang='lat' dir='ltr'><strong>declinetur</strong></span> <span class='ocrx_word' id='word_1_163' title='bbox 830 1691 853 1715; x_wconf 81' lang='lat' dir='ltr'><strong>a.</strong></span> <span class='ocrx_word' id='word_1_164' title='bbox 882 1675 993 1725; x_wconf 86' lang='lat' dir='ltr'><strong>lege,</strong></span> <span class='ocrx_word' id='word_1_165' title='bbox 1033 1687 1071 1716; x_wconf 85' lang='lat' dir='ltr'><strong>et</strong></span> <span class='ocrx_word' id='word_1_166' title='bbox 1089 1674 1128 1730; x_wconf 89' lang='lat'><strong>⁵)</strong></span> <span class='ocrx_word' id='word_1_167' title='bbox 1168 1678 1370 1719; x_wconf 83' lang='lat' dir='ltr'><strong>naturalis</strong></span> <span class='ocrx_word' id='word_1_168' title='bbox 1398 1678 1542 1720; x_wconf 80' lang='lat' dir='ltr'><strong>libidi-</strong></span> 
     </span>
     <span class='ocr_line' id='line_1_22' title="bbox 116 1748 1541 1809; baseline 0.004 -17"><span class='ocrx_word' id='word_1_169' title='bbox 116 1751 180 1793; x_wconf 87' lang='lat' dir='ltr'><strong>nis</strong></span> <span class='ocrx_word' id='word_1_170' title='bbox 211 1762 349 1792; x_wconf 90' lang='lat' dir='ltr'><strong>motus</strong></span> <span class='ocrx_word' id='word_1_171' title='bbox 381 1751 434 1791; x_wconf 87' lang='lat' dir='ltr'><strong>ad</strong></span> <span class='ocrx_word' id='word_1_172' title='bbox 465 1748 608 1789; x_wconf 85' lang='lat' dir='ltr'><strong>illicita</strong></span> <span class='ocrx_word' id='word_1_173' title='bbox 642 1749 920 1800; x_wconf 85' lang='lat' dir='ltr'><strong>concitentur,</strong></span> <span class='ocrx_word' id='word_1_174' title='bbox 949 1763 1124 1805; x_wconf 85' lang='lat' dir='ltr'><strong>peccato</strong></span> <span class='ocrx_word' id='word_1_175' title='bbox 1155 1752 1265 1802; x_wconf 84' lang='lat' dir='ltr'><strong>vivit,</strong></span> <span class='ocrx_word' id='word_1_176' title='bbox 1295 1753 1368 1809; x_wconf 86' lang='lat' dir='ltr'><strong>qui</strong></span> <span class='ocrx_word' id='word_1_177' title='bbox 1406 1755 1449 1796; x_wconf 91' lang='lat' dir='ltr'><strong>in</strong></span> <span class='ocrx_word' id='word_1_178' title='bbox 1477 1754 1541 1798; x_wconf 84' lang='lat' dir='ltr'><strong>his</strong></span> 
     </span>
     <span class='ocr_line' id='line_1_23' title="bbox 115 1826 1541 1888; baseline 0.004 -19"><span class='ocrx_word' id='word_1_179' title='bbox 115 1827 286 1879; x_wconf 84' lang='lat' dir='ltr'><strong>singulis</strong></span> <span class='ocrx_word' id='word_1_180' title='bbox 326 1844 416 1868; x_wconf 89' lang='lat' dir='ltr'><strong>non</strong></span> <span class='ocrx_word' id='word_1_181' title='bbox 457 1826 540 1866; x_wconf 84' lang='lat' dir='ltr'><strong>Dei</strong></span> <span class='ocrx_word' id='word_1_182' title='bbox 569 1826 672 1879; x_wconf 83' lang='lat' dir='ltr'><strong>legi,</strong></span> <span class='ocrx_word' id='word_1_183' title='bbox 714 1827 788 1867; x_wconf 84' lang='lat' dir='ltr'><strong>sed</strong></span> <span class='ocrx_word' id='word_1_184' title='bbox 825 1828 988 1883; x_wconf 84' lang='lat' dir='ltr'><strong>peccati</strong></span> <span class='ocrx_word' id='word_1_185' title='bbox 1025 1831 1370 1884; x_wconf 87' lang='lat' dir='ltr'><strong>persuasionibus</strong></span> <span class='ocrx_word' id='word_1_186' title='bbox 1407 1845 1541 1888; x_wconf 84' lang='lat' dir='ltr'><strong>paret.</strong></span> 
     </span>
     <span class='ocr_line' id='line_1_24' title="bbox 116 1903 1538 1963; baseline 0.003 -17"><span class='ocrx_word' id='word_1_187' title='bbox 116 1906 162 1947; x_wconf 87' lang='lat' dir='ltr'><strong>Si</strong></span> <span class='ocrx_word' id='word_1_188' title='bbox 192 1921 290 1956; x_wconf 86' lang='lat' dir='ltr'><strong>ergo</strong></span> <span class='ocrx_word' id='word_1_189' title='bbox 324 1904 610 1946; x_wconf 78' lang='lat' dir='ltr'><strong>commonitus</strong></span> <span class='ocrx_word' id='word_1_190' title='bbox 641 1903 731 1958; x_wconf 89' lang='lat' dir='ltr'><strong>quis</strong></span> <span class='ocrx_word' id='word_1_191' title='bbox 768 1916 906 1945; x_wconf 90' lang='lat' dir='ltr'><strong>morte</strong></span> <span class='ocrx_word' id='word_1_192' title='bbox 938 1904 1114 1955; x_wconf 85' lang='lat' dir='ltr'><strong>Christi,</strong></span> <span class='ocrx_word' id='word_1_193' title='bbox 1156 1906 1229 1961; x_wconf 85' lang='lat' dir='ltr'><strong>qui</strong></span> <span class='ocrx_word' id='word_1_194' title='bbox 1258 1924 1364 1963; x_wconf 88' lang='lat' dir='ltr'><strong>„pro</strong></span> <span class='ocrx_word' id='word_1_195' title='bbox 1381 1907 1426 1963; x_wconf 81' lang='lat'><strong>⁶)</strong></span> <span class='ocrx_word' id='word_1_196' title='bbox 1457 1908 1538 1950; x_wconf 86' lang='lat' dir='ltr'><strong>im—</strong></span> 
     </span>
     <span class='ocr_line' id='line_1_25' title="bbox 116 1980 1535 2039; baseline 0.003 -19"><span class='ocrx_word' id='word_1_197' title='bbox 116 1981 194 2035; x_wconf 85' lang='lat' dir='ltr'><strong>piis</strong></span> <span class='ocrx_word' id='word_1_198' title='bbox 228 1992 421 2021; x_wconf 85' lang='lat' dir='ltr'><strong>mortuus</strong></span> <span class='ocrx_word' id='word_1_199' title='bbox 453 1986 547 2028; x_wconf 84' lang='lat' dir='ltr'><strong>est,“</strong></span> <span class='ocrx_word' id='word_1_200' title='bbox 578 1981 798 2036; x_wconf 59' lang='lat' dir='ltr'><strong>poeniteat&gt;</strong></span> <span class='ocrx_word' id='word_1_201' title='bbox 823 1980 866 2021; x_wconf 89' lang='lat' dir='ltr'><strong>in</strong></span> <span class='ocrx_word' id='word_1_202' title='bbox 898 1981 959 2022; x_wconf 85' lang='lat' dir='ltr'><strong>his</strong></span> <span class='ocrx_word' id='word_1_203' title='bbox 993 1982 1206 2031; x_wconf 88' lang='lat' dir='ltr'><strong>omnibus,</strong></span> <span class='ocrx_word' id='word_1_204' title='bbox 1237 1994 1276 2022; x_wconf 90' lang='lat' dir='ltr'><strong>et</strong></span> <span class='ocrx_word' id='word_1_205' title='bbox 1300 1985 1414 2024; x_wconf 87' lang='lat' dir='ltr'><strong>velut</strong></span> <span class='ocrx_word' id='word_1_206' title='bbox 1441 2000 1535 2039; x_wconf 88' lang='lat' dir='ltr'><strong>pes-</strong></span> 
     </span>
    </p>
   </div>
   <div class='ocr_carea' id='block_1_3' title="bbox 114 2057 1531 2114">
    <p class='ocr_par' dir='ltr' id='par_1_3' title="bbox 114 2057 1531 2114">
     <span class='ocr_line' id='line_1_26' title="bbox 114 2057 1531 2114; baseline 0.002 -16"><span class='ocrx_word' id='word_1_207' title='bbox 114 2058 267 2098; x_wconf 86' lang='lat' dir='ltr'><strong>simum</strong></span> <span class='ocrx_word' id='word_1_208' title='bbox 300 2071 439 2106; x_wconf 83' lang='lat' dir='ltr'><strong>regem</strong></span> <span class='ocrx_word' id='word_1_209' title='bbox 470 2068 714 2108; x_wconf 74' lang='lat' dir='ltr'><strong>regnantem</strong></span> <span class='ocrx_word' id='word_1_210' title='bbox 743 2057 787 2097; x_wconf 90' lang='lat' dir='ltr'><strong>in</strong></span> <span class='ocrx_word' id='word_1_211' title='bbox 817 2074 890 2098; x_wconf 84' lang='lat' dir='ltr'><strong>sua</strong></span> <span class='ocrx_word' id='word_1_212' title='bbox 921 2074 1047 2098; x_wconf 80' lang='lat' dir='ltr'><strong>carne</strong></span> <span class='ocrx_word' id='word_1_213' title='bbox 1077 2059 1283 2114; x_wconf 86' lang='lat' dir='ltr'><strong>depellat,</strong></span> <span class='ocrx_word' id='word_1_214' title='bbox 1325 2059 1531 2101; x_wconf 84' lang='lat' dir='ltr'><strong>alienum-</strong></span> 
     </span>
    </p>
   </div>
   <div class='ocr_carea' id='block_1_4' title="bbox 233 2264 1203 2319">
    <p class='ocr_par' dir='ltr' id='par_1_4' title="bbox 233 2264 1203 2319">
     <span class='ocr_line' id='line_1_27' title="bbox 233 2264 1203 2319; baseline 0.004 -15"><span class='ocrx_word' id='word_1_215' title='bbox 233 2264 275 2319; x_wconf 58' lang='grc' dir='ltr'><strong>Ι)</strong></span> <span class='ocrx_word' id='word_1_216' title='bbox 306 2265 387 2305; x_wconf 88' lang='lat' dir='ltr'><strong>Ed.</strong></span> <span class='ocrx_word' id='word_1_217' title='bbox 419 2264 553 2305; x_wconf 79' lang='lat' dir='ltr'><strong>Ruaei</strong></span> <span class='ocrx_word' id='word_1_218' title='bbox 583 2265 722 2306; x_wconf 89' lang='lat' dir='ltr'><strong>minus</strong></span> <span class='ocrx_word' id='word_1_219' title='bbox 754 2277 971 2307; x_wconf 78' lang='lat' dir='ltr'><strong>accurate:</strong></span> <span class='ocrx_word' id='word_1_220' title='bbox 1003 2267 1203 2309; x_wconf 77' lang='lat' dir='ltr'><strong>familior.</strong></span> 
     </span>
    </p>
   </div>
   <div class='ocr_carea' id='block_1_5' title="bbox 111 2334 1530 2629">
    <p class='ocr_par' dir='ltr' id='par_1_5' title="bbox 111 2334 1530 2502">
     <span class='ocr_line' id='line_1_28' title="bbox 227 2334 1527 2393; baseline 0.005 -20"><span class='ocrx_word' id='word_1_221' title='bbox 227 2334 274 2386; x_wconf 81' lang='grc'><strong>2)</strong></span> <span class='ocrx_word' id='word_1_222' title='bbox 305 2334 434 2376; x_wconf 84' lang='lat' dir='ltr'><strong>Deest</strong></span> <span class='ocrx_word' id='word_1_223' title='bbox 463 2335 688 2382; x_wconf 83' lang='lat' dir='ltr'><strong>‚,societas“</strong></span> <span class='ocrx_word' id='word_1_224' title='bbox 718 2335 762 2375; x_wconf 86' lang='lat' dir='ltr'><strong>in</strong></span> <span class='ocrx_word' id='word_1_225' title='bbox 793 2335 909 2376; x_wconf 88' lang='lat' dir='ltr'><strong>libris</strong></span> <span class='ocrx_word' id='word_1_226' title='bbox 940 2348 1060 2377; x_wconf 84' lang='lat' dir='ltr'><strong>antea</strong></span> <span class='ocrx_word' id='word_1_227' title='bbox 1093 2336 1211 2378; x_wconf 87' lang='lat' dir='ltr'><strong>editis</strong></span> <span class='ocrx_word' id='word_1_228' title='bbox 1229 2338 1289 2393; x_wconf 83' lang='lat' dir='ltr'><strong>(e.</strong></span> <span class='ocrx_word' id='word_1_229' title='bbox 1315 2355 1347 2378; x_wconf 91' lang='lat' dir='ltr'><strong>c.</strong></span> <span class='ocrx_word' id='word_1_230' title='bbox 1372 2339 1415 2379; x_wconf 88' lang='lat' dir='ltr'><strong>in</strong></span> <span class='ocrx_word' id='word_1_231' title='bbox 1434 2341 1527 2382; x_wconf 83' lang='lat' dir='ltr'><strong>edd.</strong></span> 
     </span>
     <span class='ocr_line' id='line_1_29' title="bbox 111 2389 1530 2446; baseline 0.005 -18"><span class='ocrx_word' id='word_1_232' title='bbox 111 2389 207 2444; x_wconf 80' lang='lat' dir='ltr'><strong>NL).</strong></span> <span class='ocrx_word' id='word_1_233' title='bbox 252 2390 356 2431; x_wconf 88' lang='lat' dir='ltr'><strong>Msc.</strong></span> <span class='ocrx_word' id='word_1_234' title='bbox 395 2408 503 2431; x_wconf 89' lang='lat' dir='ltr'><strong>unus</strong></span> <span class='ocrx_word' id='word_1_235' title='bbox 541 2407 645 2445; x_wconf 88' lang='lat' dir='ltr'><strong>pro:</strong></span> <span class='ocrx_word' id='word_1_236' title='bbox 697 2390 937 2441; x_wconf 86' lang='lat' dir='ltr'><strong>„societas,“</strong></span> <span class='ocrx_word' id='word_1_237' title='bbox 976 2393 1123 2433; x_wconf 83' lang='lat' dir='ltr'><strong>habet:</strong></span> <span class='ocrx_word' id='word_1_238' title='bbox 1173 2394 1450 2446; x_wconf 78' lang='lat' dir='ltr'><strong>„obligati0;“</strong></span> <span class='ocrx_word' id='word_1_239' title='bbox 1490 2407 1530 2437; x_wconf 92' lang='lat' dir='ltr'><strong>et</strong></span> 
     </span>
     <span class='ocr_line' id='line_1_30' title="bbox 112 2447 1260 2502; baseline 0.003 -16"><span class='ocrx_word' id='word_1_240' title='bbox 112 2447 215 2486; x_wconf 87' lang='lat' dir='ltr'><strong>alter</strong></span> <span class='ocrx_word' id='word_1_241' title='bbox 243 2464 323 2502; x_wconf 91' lang='lat' dir='ltr'><strong>pro</strong></span> <span class='ocrx_word' id='word_1_242' title='bbox 352 2447 691 2501; x_wconf 88' lang='lat' dir='ltr'><strong>„voluptatibus“</strong></span> <span class='ocrx_word' id='word_1_243' title='bbox 719 2447 867 2488; x_wconf 86' lang='lat' dir='ltr'><strong>habet:</strong></span> <span class='ocrx_word' id='word_1_244' title='bbox 897 2450 1181 2497; x_wconf 74' lang='lat' dir='ltr'><strong>„voluntate‚“</strong></span> <span class='ocrx_word' id='word_1_245' title='bbox 1212 2450 1260 2490; x_wconf 83' lang='lat' dir='ltr'><strong>R.</strong></span> 
     </span>
    </p>

    <p class='ocr_par' dir='ltr' id='par_1_6' title="bbox 111 2514 1528 2629">
     <span class='ocr_line' id='line_1_31' title="bbox 227 2514 1528 2577; baseline 0.008 -24"><span class='ocrx_word' id='word_1_246' title='bbox 227 2514 274 2569; x_wconf 81' lang='lat'><strong>3)</strong></span> <span class='ocrx_word' id='word_1_247' title='bbox 306 2515 414 2557; x_wconf 88' lang='lat' dir='ltr'><strong>Edd.</strong></span> <span class='ocrx_word' id='word_1_248' title='bbox 444 2516 635 2557; x_wconf 87' lang='lat' dir='ltr'><strong>Merlini:</strong></span> <span class='ocrx_word' id='word_1_249' title='bbox 678 2519 795 2571; x_wconf 87' lang='lat' dir='ltr'><strong>quod</strong></span> <span class='ocrx_word' id='word_1_250' title='bbox 835 2517 1013 2561; x_wconf 87' lang='lat' dir='ltr'><strong>dicimus</strong></span> <span class='ocrx_word' id='word_1_251' title='bbox 1053 2519 1237 2575; x_wconf 83' lang='lat' dir='ltr'><strong>apertius</strong></span> <span class='ocrx_word' id='word_1_252' title='bbox 1267 2523 1528 2577; x_wconf 80' lang='lat' dir='ltr'><strong>explanetur,</strong></span> 
     </span>
     <span class='ocr_line' id='line_1_32' title="bbox 111 2570 864 2629; baseline 0.005 -19"><span class='ocrx_word' id='word_1_253' title='bbox 111 2570 249 2610; x_wconf 82' lang='lat' dir='ltr'><strong>adhuc</strong></span> <span class='ocrx_word' id='word_1_254' title='bbox 280 2572 458 2627; x_wconf 79' lang='lat' dir='ltr'><strong>exempli</strong></span> <span class='ocrx_word' id='word_1_255' title='bbox 490 2589 612 2614; x_wconf 86' lang='lat' dir='ltr'><strong>causa</strong></span> <span class='ocrx_word' id='word_1_256' title='bbox 641 2590 864 2629; x_wconf 88' lang='lat' dir='ltr'><strong>ponamus.</strong></span> 
     </span>
    </p>
   </div>
   <div class='ocr_carea' id='block_1_6' title="bbox 225 2638 797 2698">
    <p class='ocr_par' dir='ltr' id='par_1_7' title="bbox 225 2638 797 2698">
     <span class='ocr_line' id='line_1_33' title="bbox 225 2638 797 2698; baseline 0.009 -18"><span class='ocrx_word' id='word_1_257' title='bbox 225 2638 270 2693; x_wconf 77' lang='lat'><strong>⁴¹)</strong></span> <span class='ocrx_word' id='word_1_258' title='bbox 300 2641 409 2682; x_wconf 86' lang='lat' dir='ltr'><strong>Edd.</strong></span> <span class='ocrx_word' id='word_1_259' title='bbox 440 2642 640 2683; x_wconf 81' lang='lat' dir='ltr'><strong>Merlini:</strong></span> <span class='ocrx_word' id='word_1_260' title='bbox 668 2644 797 2698; x_wconf 87' lang='lat' dir='ltr'><strong>quod.</strong></span> 
     </span>
    </p>
   </div>
   <div class='ocr_carea' id='block_1_7' title="bbox 112 2710 1519 2815">
    <p class='ocr_par' dir='ltr' id='par_1_8' title="bbox 112 2710 1519 2815">
     <span class='ocr_line' id='line_1_34' title="bbox 138 2710 1519 2774; baseline 0.007 -25"><span class='ocrx_word' id='word_1_261' title='bbox 138 2766 146 2774; x_wconf 38' lang='lat'><strong>⁹</strong></span> <span class='ocrx_word' id='word_1_262' title='bbox 225 2710 267 2762; x_wconf 84' lang='grc'><strong>5)</strong></span> <span class='ocrx_word' id='word_1_263' title='bbox 299 2711 409 2751; x_wconf 83' lang='lat' dir='ltr'><strong>Edd.</strong></span> <span class='ocrx_word' id='word_1_264' title='bbox 441 2712 631 2754; x_wconf 64' lang='lat' dir='ltr'><strong>Mei-lini:</strong></span> <span class='ocrx_word' id='word_1_265' title='bbox 666 2724 703 2753; x_wconf 84' lang='lat' dir='ltr'><strong>ct</strong></span> <span class='ocrx_word' id='word_1_266' title='bbox 734 2713 934 2756; x_wconf 83' lang='lat' dir='ltr'><strong>naturalis</strong></span> <span class='ocrx_word' id='word_1_267' title='bbox 962 2714 1140 2756; x_wconf 82' lang='lat' dir='ltr'><strong>libidine</strong></span> <span class='ocrx_word' id='word_1_268' title='bbox 1170 2725 1309 2757; x_wconf 78' lang='lat' dir='ltr'><strong>motus</strong></span> <span class='ocrx_word' id='word_1_269' title='bbox 1341 2738 1391 2748; x_wconf 91' lang='lat'><strong>--</strong></span> <span class='ocrx_word' id='word_1_270' title='bbox 1416 2732 1519 2757; x_wconf 86' lang='lat' dir='ltr'><strong>eon-</strong></span> 
     </span>
     <span class='ocr_line' id='line_1_35' title="bbox 112 2777 374 2815; baseline -0.004 -8"><span class='ocrx_word' id='word_1_271' title='bbox 112 2777 269 2815; x_wconf 71' lang='lat' dir='ltr'><strong>citetur,</strong></span> <span class='ocrx_word' id='word_1_272' title='bbox 300 2778 374 2806; x_wconf 82' lang='lat' dir='ltr'><strong>etc.</strong></span> 
     </span>
    </p>
   </div>
   <div class='ocr_carea' id='block_1_8' title="bbox 223 2834 572 2888">
    <p class='ocr_par' dir='ltr' id='par_1_9' title="bbox 223 2834 572 2888">
     <span class='ocr_line' id='line_1_36' title="bbox 223 2834 572 2888; baseline 0.006 -14"><span class='ocrx_word' id='word_1_273' title='bbox 223 2834 268 2888; x_wconf 75' lang='lat'><strong>5)</strong></span> <span class='ocrx_word' id='word_1_274' title='bbox 301 2834 424 2878; x_wconf 79' lang='lat' dir='ltr'><strong>Rom.</strong></span> <span class='ocrx_word' id='word_1_275' title='bbox 454 2837 506 2886; x_wconf 84' lang='lat' dir='ltr'><strong>V,</strong></span> <span class='ocrx_word' id='word_1_276' title='bbox 534 2837 572 2880; x_wconf 88' lang='grc'><strong>6.</strong></span> 
     </span>
    </p>
   </div>
  </div>
 </body>
</html>
