1788 3111
348 155 368 178 ο
566 134 600 176 C
606 145 1008 178 OMMENTARIORUM
1037 133 1127 177 ῙαΒ.
1160 134 1191 174 Ι.
1534 134 1590 179 13

172 247 335 299 integro
354 245 475 296 liber,
496 263 634 303 neque
655 263 702 287 ex
720 246 882 299 integro
904 263 1045 287 servus
1066 257 1136 287 est.
1156 245 1198 300 ¹)
1230 244 1276 288 Si
1291 245 1337 302 2)
1352 245 1397 286 in
1416 246 1588 288 caeteris

171 324 514 365 virtutibusliber
534 323 672 372 suerit,
693 323 726 363 si
748 322 1445 378 fidei,patientiae,misericordiae,
1468 321 1588 380 justi-

171 402 253 443 tiae
277 401 460 442 tenuerit
480 401 730 448 libertatem,
761 399 938 441 libertus
958 400 1138 441 Domini
1156 400 1407 455 appellatur,
1438 411 1590 455 utpote

173 479 245 536 qui
264 494 344 535 pro
361 478 490 519 :mimi
508 477 731 518 virtutibus
749 476 792 531 3)
823 477 932 517 liber
951 477 1014 527 sit,
1046 489 1087 518 et
1101 477 1146 533 4)
1175 493 1255 532 pro
1280 475 1492 533 conjugali
1513 493 1597 525 ne-g.

171 558 358 598 cessitate
374 557 424 597 sit
448 571 597 595 servus.
631 553 758 593 Liber
772 571 871 595 vero
897 566 967 603 est,
992 555 1063 610 qui
1079 555 1168 595 sine
1184 571 1316 595 uxore
1334 571 1412 610 per
1425 554 1588 610 purita-

171 644 257 674 tem
278 631 561 674 continentiae
577 630 690 671 venit
707 633 759 672 ad
775 632 1003 681 Christum,
1027 632 1098 687 qui
1115 644 1253 672 tamen
1273 648 1413 672 servus
1435 631 1591 673 Christi

172 710 370 759 efficitur,
413 710 515 749 dum
549 724 596 749 ex
632 708 796 760 integro
828 709 1052 750 virtutibus
1084 710 1221 750 servit.
1280 708 1440 749 Paulus
1473 726 1587 762 ergo,

169 787 276 829 sicut
307 787 480 843 quidam
510 787 695 835 tradunt,
727 803 823 827 cum
848 804 980 827 uxore
1000 798 1171 827 vocatus
1196 798 1276 827 est:
1308 787 1361 826 de
1385 803 1466 841 qua
1488 786 1590 827 dicit

169 865 222 905 ad
253 864 545 919 Philippenses
575 863 782 904 scribens:
823 863 1018 918 ‚‚rogo⁵)
1061 863 1246 918 etiamfi)
1287 875 1352 913 te,
1392 880 1590 916 germane

170 958 357 997 compar,
384 939 535 997 adjuva
554 939 598 995 ⁷)
630 940 740 981 illas:
755 947 779 964 “
811 941 881 996 qui
903 940 1105 995 quoniam
1126 941 1178 980 ab
1200 940 1289 995 ipsa
1310 957 1358 981 ex
1380 957 1589 982 consensu

168 1018 279 1059 liber
308 1020 481 1058 effectus
525 1030 605 1067 est,
643 1035 810 1059 servum
851 1035 894 1058 se
933 1018 1127 1058 nominat
1170 1017 1336 1058 Christi.
1396 1018 1442 1060 Si
1473 1035 1588 1068 vero,

167 1106 215 1136 ut
246 1094 334 1136 aliis
364 1094 542 1144 videtur,
573 1095 652 1135 sini
682 1112 834 1145 uxore,
865 1094 1142 1135 nihilominus
1177 1094 1248 1151 qui
1278 1095 1388 1135 liber
1417 1107 1590 1136 vocatus

170 1183 250 1220 est,
290 1189 430 1213 servus
469 1182 529 1213 est
561 1170 728 1212 Christi.
791 1171 909 1226 Quid
926 1171 970 1226 Β)
1012 1183 1072 1213 est
1111 1183 1253 1214 autern
1292 1189 1459 1214 servum
1500 1190 1588 1215 esse

171 1248 337 1299 Christi,
356 1248 400 1305 9)
432 1248 511 1289 nisi
545 1249 661 1304 quod
694 1261 753 1290 cst
770 1266 938 1290 servum
962 1265 1049 1289 esse
1077 1249 1195 1291 verbi
1220 1249 1316 1298 Dei,
1346 1249 1587 1305 sapientiae,

167 1323 370 1382 justitiae,
413 1325 618 1375 veritatis,
664 1337 705 1366 et
749 1325 941 1366 omnium
987 1327 1164 1368 omnino
1207 1327 1433 1378 virtutum,
1479 1344 1586 1384 quae

171 1402 401 1458 omni-2¹⁰)
437 1402 625 1443 Christus
658 1402 747 1445 est?
807 1404 895 1445 Sed
927 1416 967 1445 et
996 1403 1125 1453 illud,
1156 1404 1190 1445 si
1219 1403 1398 1454 videtur,
1427 1403 1473 1445 in
1503 1406 1587 1446 hoc

287 1535 330 1588 1)
361 1535 430 1576 Sic
461 1536 563 1576 BIss.
593 1535 740 1584 nostri,
773 1536 1040 1585 Salodianns,
1073 1549 1111 1577 et
1129 1537 1339 1578 Blerlinus
1364 1537 1444 1594 (Ρ).
1497 1538 1584 1579 Ge·-

166 1592 402 1632 nebrardus
433 1608 532 1633 vero
576 1593 783 1647 (itemque
817 1595 909 1634 edd.
941 1594 1162 1645 §ferlinfflz
1202 1611 1369 1643 „servus
1411 1606 1472 1635 est
1509 1611 1584 1653 ap-

165 1648 385 1703 pellatus.“
423 1648 474 1688 R.
594 1649 638 1702 2)
669 1650 779 1689 Edd.
811 1649 1007 1689 Merlini:
1042 1651 1128 1691 Sed
1158 1650 1191 1690 si
1221 1650 1266 1690 in
1297 1662 1372 1691 ete.

281 1716 327 1771 3)
358 1717 421 1757 Ita
454 1734 600 1759 omnes
624 1719 724 1761 'Mss
757 1719 904 1761 nostri.
949 1719 1064 1759 Editi
1097 1736 1196 1761 vero
1231 1721 1340 1774 (xxc,
1360 1720 1584 1773 edd.M.):

163 1790 270 1829 „pro
302 1773 469 1814 actione
498 1775 699 1816 virtutis.“
728 1776 778 1818 R.

281 1841 326 1897 4)
357 1844 458 1884 BIss.
489 1845 654 1899 plures:
688 1856 728 1885 et
758 1863 837 1901 pro
870 1843 999 1902 jugali
1030 1845 1287 1887 necessitate.
1327 1847 1378 1889 R.

280 1912 326 1967 5)
356 1913 541 1969 Philipp.
573 1915 647 1963 IV,
677 1914 717 1955 3.
838 1915 882 1971 6)
914 1916 1026 1957 Edd.
1057 1915 1255 1957 Merlini:
1286 1928 1327 1958 te
1359 1916 1496 1959 etiam.

281 1982 326 2037 7)
357 1984 463 2024 ἏΙεο.
499 1984 645 2024 Codex
674 1984 966 2025 Ebroicensis:
997 1983 1176 2041 „adjuva
1206 1985 1311 2036 illas,
1346 2003 1454 2042 quae
1486 2005 1584 2030 cum

162 2039 254 2094 ipsa
284 2051 402 2090 sunt;
449 2040 546 2095 quia
578 2057 674 2080 cum
704 2040 793 2095 ipse
823 2058 963 2081 servus
997 2052 1121 2088 esset,
1155 2057 1202 2081 ex
1234 2059 1441 2084 consensu
1472 2044 1584 2085 liber

165 2096 351 2145 effectus,
383 2113 548 2137 servum
578 2102 657 2137 se“
697 2108 771 2137 etc.
833 2097 978 2137 Codex
1023 2109 1164 2137 autem
1205 2099 1580 2149 Vallis—Clarae,

165 2162 206 2191 et
235 2168 343 2191 unus
373 2152 474 2203 Reg.
505 2169 622 2192 num.
655 2152 774 2195 1639.
806 2152 984 2209 „adjuva
1015 2153 1120 2194 illas.
1163 2153 1252 2206 Qui
1284 2172 1382 2195 cum
1411 2155 1500 2212 ipsa
1534 2174 1582 2198 ex

164 2223 373 2247 consensu
403 2207 512 2248 liber
542 2210 715 2248 effectus
749 2221 828 2257 est,
868 2226 1033 2249 servum
1064 2215 1133 2249 se“
1174 2221 1248 2250 etc.
1307 2212 1425 2252 Editi
1454 2213 1513 2265 (e.
1546 2230 1580 2254 c.

164 2264 260 2303 edd.
291 2263 510 2318 Mei-lini),
552 2275 591 2304 et
629 2264 734 2303 alter
762 2265 868 2306 Msc.
900 2265 1054 2316 Regius
1091 2282 1208 2305 num.
1240 2267 1361 2309 1640.
1400 2268 1582 2324 „adjuva

161 2319 277 2368 illas,
312 2336 419 2375 quae
450 2337 543 2360 cum
576 2320 664 2375 ipsa
696 2333 803 2361 sunt.
862 2321 926 2361 Ex
955 2338 1163 2362 consensu
1192 2321 1319 2374 igitur
1356 2324 1432 2379 (al.
1465 2327 1583 2367 deest

163 2375 329 2430 igitur)
360 2376 468 2416 liber
498 2378 693 2424 effectus,
734 2394 901 2418 servum
930 2384 1006 2418 se“
1049 2389 1145 2428 ete,
1169 2381 1260 2429 'sed
1290 2380 1443 2423 rectius
1473 2382 1580 2425 RIsc.

161 2432 261 2484 Reg.
290 2449 408 2473 num.
440 2434 560 2477 1641.
591 2444 639 2473 ut
666 2432 711 2473 in
740 2445 869 2475 textu.
902 2435 954 2474 R.

276 2501 322 2556 8)
355 2501 424 2544 Sic
453 2503 555 2543 BIss.
584 2503 790 2558 plerique.
852 2503 1018 2544 Caeteri
1047 2521 1162 2554 vero,
1195 2516 1235 2546 et
1267 2505 1388 2547 editi:
1428 2506 1578 2561 „Quid

161 2568 222 2597 est
252 2568 393 2599 autem
423 2575 588 2599 servum
621 2576 706 2599 esse
739 2559 923 2600 Christi?
959 2560 1091 2615 Quod
1109 2574 1169 2602 est
1185 2562 1261 2618 (al.
1282 2564 1419 2604 deest:
1453 2563 1580 2620 quod

161 2613 253 2668 esc)
283 2630 450 2655 servum
481 2631 567 2656 esse
596 2615 713 2656 verbi
744 2616 868 2665 Dei,“
899 2628 973 2657 etc.
1004 2618 1055 2658 R.
1087 2643 1139 2650 —

276 2683 320 2739 9)
349 2685 430 2727 Ed.
459 2685 523 2726 M.
553 2686 596 2726 I:
626 2685 844 2733 „Christi?
907 2685 1025 2739 Quid
1058 2698 1118 2727 est
1147 2711 1200 2720 ——-
1229 2688 1348 2728 verbi
1379 2687 1476 2738 Dei,
1507 2705 1574 2730 sa-

157 2737 380 2798 pientiae,“
411 2752 498 2790 ete,
530 2742 594 2781 ed.
623 2742 686 2781 M.
713 2742 776 2783 H:
807 2741 1022 2791 „Ch-isti?
1062 2743 1167 2800 quid
1197 2755 1259 2786 est
1285 2760 1454 2789 servum
1484 2762 1574 2788 esse

159 2795 270 2837 Dei?
325 2796 606 2853 Sapientiae,“
635 2809 709 2839 etc.

279 2866 350 2922 ¹⁰)
379 2867 511 2909 Deest
539 2866 737 2917 „omnia“
766 2867 810 2909 in
841 2868 936 2911 edd.
966 2868 1028 2911 Μ.
