1788 3111
331 140 343 158 ἱ

202 170 259 214 84
543 168 767 210 Omeums
795 179 841 210 m
871 167 951 209 ΕΡ.
982 177 1040 208 An
1073 165 1301 210 Rommos

208 295 268 326 est
297 283 414 338 apud
446 282 628 324 Deum.“
686 282 1028 337 Quaerentibus,
1070 281 1234 338 inquit,
1277 281 1458 333 gloriam
1487 292 1527 322 et
1560 282 1642 323 ho-

204 377 359 402 norem
391 371 430 401 et
457 360 857 416 incorruptionem,
893 376 976 415 pro
1018 358 1125 399 honi
1157 357 1297 414 operis
1329 359 1534 415 patientia
1561 359 1645 401 vita

209 449 380 480 aeterna
419 437 613 487 dabitur,
659 454 752 477 non
793 438 935 478 solum
975 436 1175 487 Judaeis,
1219 435 1374 492 quihus
1413 437 1571 478 credita
1598 434 1641 491 1)

210 516 407 557 videntur
436 514 607 570 eloquia
638 514 745 563 Dei,
775 515 849 555 sed
880 513 1004 555 etiam
1039 513 1235 562 Graecis,
1266 511 1366 569 quia
1395 510 1553 568 justum
1586 524 1645 553 est

209 591 355 649 Dei2)
398 591 630 649 judicium,
664 602 704 632 et
734 608 824 632 non
854 602 1020 632 tantum
1037 590 1083 646 3)
1123 592 1393 632 Judaeorum
1423 589 1542 631 Deus
1573 601 1646 638 est,

209 672 282 713 sed
315 682 355 711 et
386 668 605 710 Gentium.
652 668 727 708 His
749 684 865 718 vero,
895 667 969 723 qui
995 684 1076 723 per
1092 666 1137 723 ⁴²)
1170 665 1491 708 contentionem
1522 681 1645 706 men-

211 748 282 799 tis,
313 759 353 788 et
382 746 513 788 animi
542 745 815 802 pravitatem,
845 744 1009 785 veritati
1038 761 1129 786 non
1161 746 1353 793 credunt,
1380 745 1454 784 sed
1487 742 1643 798 iniqui-

210 836 338 866 tatem
372 834 629 879 sequuntur,
670 821 865 863 redditur
891 820 953 862 ira
986 833 1026 862 et
1054 821 1315 873 indignatio,
1355 821 1574 862 tribulatio
1607 831 1646 860 et

211 901 411 954 angustia,
440 918 532 942 non
561 902 702 943 solum
738 898 912 948 Gentili‚
941 900 1012 940 sed
1047 911 1086 940 et
1115 900 1300 948 Judaeo,
1332 898 1431 954 quia
1464 915 1553 939 non
1586 909 1643 939 est

212 996 495 1035 personarum
528 977 720 1033 acceptio
753 977 868 1031 apud
888 976 1046 1017 Deum.
1094 977 1211 1018 Haec
1234 978 1408 1033 quidem
1439 987 1646 1031 quantum

213 1057 266 1096 ad
296 1072 547 1096 sermonum
584 1055 782 1096 ordinem
812 1064 984 1110 spectat.
1045 1053 1131 1094 Sed
1162 1071 1279 1095 nunc
1315 1070 1424 1110 quae
1456 1055 1511 1094 ad
1539 1055 1647 1096 inte-

213 1133 371 1174 riorem
401 1149 569 1174 sensum
600 1131 818 1191 pertinent
848 1130 1128 1186 requiramus.
1186 1131 1359 1187 ‚,His‚⁵)
1392 1131 1543 1187 inquit,
1574 1130 1647 1185 qui

210 1227 290 1267 per
325 1209 572 1266 patientiam
613 1209 722 1250 boni
767 1207 958 1264 operis.“
1017 1207 1154 1262 Quod
1195 1208 1319 1251 dicit:
1363 1208 1645 1265 „patientiam

211 1287 319 1329 boni
351 1287 533 1342 operis,“
566 1286 749 1327 ostendit
779 1287 974 1327 laborem
1000 1287 1216 1341 quendam
1250 1297 1290 1327 et
1318 1303 1473 1339 agones
1502 1285 1648 1326 immi-

211 1380 314 1404 nere
344 1363 428 1412 his,
474 1362 547 1419 qui
578 1365 745 1404 bonum
780 1379 889 1418 opus
929 1365 1073 1404 facere
1101 1365 1263 1405 volunt.
1321 1365 1583 1414 „Luctamen
1600 1361 1646 1418 6)

212 1446 304 1482 est“
344 1440 481 1490 enim,
520 1440 629 1482 sicut
669 1452 708 1480 et
738 1441 853 1480 idem
884 1440 1118 1495 Apostolus
1150 1440 1275 1491 dicit,
1303 1458 1392 1482 non
1426 1442 1650 1491 „adversus

213 1534 386 1559 carnem
419 1530 459 1558 et
488 1517 751 1569 sanguinem,
779 1518 855 1558 sed
886 1518 1084 1558 adversus
1114 1516 1454 1574 principatus,⁷)
1487 1530 1527 1559 et
1546 1529 1646 1574 pot-

211 1607 370 1645 estates,
401 1606 441 1636 et
464 1595 615 1637 mundi
638 1595 763 1653 hujus
786 1599 1032 1636 rectores:“
1073 1611 1182 1650 quae
1202 1596 1349 1637 onmia
1379 1597 1500 1637 bono
1525 1595 1645 1650 operi

213 1673 511 1713 adversantur:
545 1683 584 1713 et
613 1673 711 1713 ideo
737 1671 938 1728 patientia
963 1673 1196 1713 necessaria
1220 1683 1290 1722 est,
1323 1672 1421 1727 quia
1440 1672 1643 1727 scriptum

215 1760 296 1790 est:
328 1748 396 1798 „in
412 1749 459 1802 ⁸)
481 1760 614 1790 vestra
635 1749 837 1804 patientia
869 1748 1092 1803 acquiretis
1115 1736 1488 1792 animas—vestrasf‘
1517 1749 1647 1790 Vide-

215 1842 333 1866 amus
365 1837 504 1866 autem
537 1826 655 1880 quod
688 1825 792 1866 dicit
822 1842 930 1881 opus
961 1826 1142 1866 bonum.
1188 1825 1406 1868 Dominus
1437 1826 1481 1867 in
1504 1825 1645 1868 Evan-

212 1903 322 1954 gelio
355 1903 409 1943 de
439 1919 486 1943 ea
524 1902 726 1951 muliere,
769 1918 877 1957 quae
918 1903 1177 1943 alabastrum
1218 1903 1423 1955 unguenti
1465 1902 1642 1959 pretiosi

212 1979 364 2021 efludit
384 1996 513 2036 super
535 1992 663 2035 caput
684 1979 784 2037 ejus,
804 1978 1074 2035 pronuntiat:
1107 1979 1206 2035 quia
1245 1997 1380 2036 „opus
1397 1978 1442 2035 9)
1475 1982 1640 2020 boumn

213 2069 390 2113 operata
422 2068 482 2098 cst
512 2058 554 2098 in
588 2062 717 2097 me:“
749 2056 995 2108 designans,
1033 2059 1152 2113 quod
1184 2058 1258 2112 qui
1287 2058 1419 2097 verbo
1451 2056 1536 2098 Dei
1565 2075 1643 2098 un—

211 2146 414 2185 guentum
444 2134 746 2190 superfuderit,
776 2133 818 2174 id
842 2145 913 2183 est,
945 2134 1018 2189 qui
1051 2151 1183 2190 opera
1217 2151 1313 2176 cum
1345 2135 1478 2175 verbo
1508 2135 1642 2176 socia-—

211 2212 337 2262 verit,
366 2210 437 2252 ille
468 2229 576 2268 opus
606 2212 772 2252 bonum
808 2223 1022 2267 operetur.
1083 2211 1304 2254 Odoratus
1333 2227 1522 2268 namque
1552 2214 1642 2253 effi-

331 2364 373 2417 Ι)
404 2364 529 2405 Rom.
562 2365 635 2413 ΙΠ,
662 2367 701 2407 2.
823 2365 869 2420 ²)
899 2365 1012 2407 Edd.
1043 2365 1242 2406 Mei-lini:
1278 2365 1485 2421 judicium
1518 2365 1609 2405 Dei.

326 2434 371 2488 ³)
405 2434 530 2475 Rom.
564 2434 636 2482 HI,
666 2435 734 2477 29.

326 2502 371 2559 ⁴²)
402 2504 505 2545 Nise.
539 2503 638 2554 Reg.
670 2521 785 2545 num.
810 2506 929 2548 1641.
961 2522 1065 2560 „per
1096 2507 1430 2547 contemtionem
1453 2507 1639 2547 mentisss‘

211 2559 376 2601 Caeteri
407 2577 508 2601 vero
543 2560 640 2600 Mss.
674 2572 714 2600 et
744 2561 845 2602 editi
876 2572 933 2617 (e.
967 2579 999 2604 c,
1031 2564 1126 2603 edd.
1158 2563 1243 2616 Μ.)
1274 2574 1319 2602 ut
1350 2563 1392 2603 in
1425 2575 1547 2603 textu.
1589 2562 1637 2602 R.

327 2630 371 2685 ⁵)
403 2631 529 2672 Rom.
561 2630 613 2679 ΙΙ,
646 2631 682 2672 7.
803 2631 851 2685 ⁶)
881 2631 1035 2687 Ephes.
1068 2632 1150 2681 vl„
1171 2633 1237 2673 12.

326 2702 370 2756 ⁷)
401 2701 510 2742 Edd.
534 2700 727 2741 Merlini:
760 2701 1047 2756 principatum
1072 2714 1106 2742 ct
1128 2713 1395 2756 potestatem,
1426 2715 1462 2744 et
1486 2704 1634 2744 mundi

212 2756 338 2813 hujus
372 2769 593 2799 rectorem.

323 2826 369 2883 ⁸)
403 2827 502 2868 Luc.
535 2827 653 2876 xxi,
686 2830 749 2870 19.

321 2897 367 2952 ⁹)
402 2898 550 2939 Matth.
576 2897 733 2947 XXV',
764 2899 829 2942 10.
866 2925 913 2931 —
947 2900 1055 2943 Edd.
1090 2899 1284 2943 Merlini:
1316 2903 1483 2944 honum
1515 2918 1635 2957 opus.
