1788 3111
484 122 929 166 Commmmmonum
959 122 1051 163 Lm.
1082 122 1152 164 IV.
1444 126 1531 170 283

111 248 278 288 cuntur,
306 254 398 279 non
429 238 481 279 de
510 236 604 292 ipso
634 235 742 285 solo,
771 237 845 277 sed
876 247 915 276 et
942 252 1023 292 pro
1043 237 1168 278 nobis
1198 237 1427 280 dicuntur?
1476 239 1531 281 Et

108 329 200 354 non
229 315 369 356 solum
400 315 452 355 de
483 313 718 362 Abraham,
756 314 830 354 sed
870 313 987 363 vide,
1025 329 1081 354 ne
1109 314 1221 354 forte
1248 314 1352 355 haec
1382 317 1531 357 eadem

110 387 237 429 etiam
269 389 322 429 de
351 387 467 430 Isaac
496 389 688 432 similiter
715 389 963 444 accipienda
995 389 1099 439 sint,
1141 401 1187 430 ut
1217 407 1326 446 quae
1356 393 1408 432 de
1436 395 1530 448 ipso

108 465 264 520 scripta
292 477 400 515 sunt,
429 483 519 507 non
547 465 685 521 ipsum
717 467 872 516 solum,
899 467 973 508 sed
1004 478 1043 507 et
1071 483 1150 508 nos
1181 467 1426 523 adspiciant.
1465 470 1534 511 Si-

111 541 269 582 militer
303 554 341 583 εἴ
372 545 424 584 de
453 543 604 591 Jacob,
636 554 675 583 et
707 544 877 584 caeteris
895 543 1155 599 patriarchis.
1195 545 1305 586 Nam
1336 562 1445 599 quae
1466 563 1534 586 ra-

111 618 171 660 tio
204 620 437 669 videbitur,
479 631 524 659 ut
565 620 617 660 de
645 621 864 661 Abraham
895 620 1067 677 quidem
1099 638 1207 677 quae
1237 621 1392 678 scripta
1422 635 1533 673 sunt,

113 696 239 737 etiam
267 698 319 737 ad
349 713 427 737 nos
456 696 670 751 pertinere
702 698 917 748 dicantur,
946 715 1037 739 non
1069 710 1209 739 autem
1238 698 1365 740 simili
1393 701 1534 741 forma

114 773 238 814 etiam
273 775 325 814 de
353 772 479 822 IsaaC,
511 785 550 814 et
581 775 633 815 de
662 774 816 824 Jacob,
855 785 895 814 et
924 776 977 816 de
1006 775 1143 825 Juda,
1174 777 1239 817 vel
1272 778 1326 818 de
1356 777 1534 832 Joseph,

113 862 154 892 et
182 849 383 892 caeteris?
429 849 563 904 Quod
592 850 625 892 si
654 850 762 891 nihil
792 850 965 893 rationis
996 852 1219 904 videbitur,
1252 870 1328 894 cur
1358 855 1410 894 de
1445 871 1532 895 uno

111 928 353 984 patriarcha
383 928 468 968 hoc
497 927 552 968 ita
587 927 723 983 accipi
755 929 932 979 debeat,
974 941 1013 970 et
1039 946 1129 970 non
1161 931 1285 971 etiam
1317 932 1370 972 de
1401 943 1536 972 caete-

111 1005 181 1054 ris,
222 1020 484 1060 consequens
526 1004 626 1053 erit,
663 1016 710 1045 ut
740 1006 793 1046 de
824 1005 1050 1055 omnibus,
1087 1023 1196 1062 quae
1231 1008 1386 1063 scripta
1425 1020 1536 1060 sunt,

112 1099 205 1123 non
229 1082 370 1123 solum
399 1093 578 1137 propter
606 1082 726 1132 illos,
766 1081 838 1138 qui
875 1093 977 1123 tunc
1009 1095 1148 1133 erant,
1185 1085 1260 1126 sed
1291 1096 1330 1124 et
1358 1099 1537 1141 propter

112 1177 192 1201 nos
214 1159 452 1215 conscripta
469 1157 514 1212 1)
538 1159 769 1200 videantur.
809 1159 859 1200 In
873 1159 921 1214 2)
944 1176 1030 1214 quo
1051 1177 1120 1202 me
1141 1161 1370 1217 praecipue
1388 1165 1538 1204 suadet

112 1236 171 1277 ita
198 1236 352 1277 sentire
379 1236 451 1276 ille
479 1234 698 1286 Evangelii
726 1251 890 1286 sermo,
933 1236 978 1277 in
1008 1253 1093 1292 quo
1125 1238 1342 1280 Dominus
1374 1251 1414 1281 et
1443 1241 1538 1282 Sal-

114 1325 234 1355 vator
263 1325 408 1354 nostcr
449 1313 503 1354 ad
533 1328 624 1361 eos,
666 1312 738 1368 qui
774 1312 855 1354 sibi
887 1314 1159 1370 dixerant,³)
1193 1315 1293 1371 quia
1327 1328 1473 1372 „pater
1491 1316 1537 1373 4)

115 1402 261 1432 noster
289 1390 509 1431 Abraham
542 1395 637 1439 est,“
671 1389 913 1445 respondit:
954 1390 1011 1440 „si
1038 1407 1182 1432 semen
1212 1393 1447 1435 Abrahami
1477 1411 1538 1436 es-

113 1467 222 1516 setis,
253 1483 384 1523 opera
414 1467 560 1522 utique
589 1466 822 1507 Abrahami
850 1467 1054 1509 faceretis.
1098 1468 1226 1510 Nunc
1249 1482 1386 1511 autem
1409 1489 1538 1527 quae-

115 1544 203 1586 ritis
233 1561 303 1584 me
333 1543 552 1592 occidere,
597 1542 840 1593 hominem,
885 1544 958 1598 qui
997 1544 1211 1586 veritatem
1247 1548 1415 1590 locutus
1443 1567 1539 1591 sum

119 1622 262 1672 vobis,
293 1638 421 1677 quam
455 1619 597 1660 audivi
628 1636 650 1660 a
681 1620 806 1661 Patre
834 1637 953 1662 meo:
994 1621 1077 1662 hoc
1106 1623 1326 1664 Abraham
1357 1641 1447 1665 non
1477 1628 1540 1666 fe-

121 1699 216 1739 cit.“
271 1697 355 1738 Per
388 1697 507 1753 quod
547 1695 695 1752 utique
735 1697 937 1747 ostendit,
975 1699 1073 1753 quia
1111 1698 1185 1754 qui
1213 1700 1376 1741 faciunt
1407 1719 1540 1757 opera

116 1774 375 1824 Abrahami,
420 1773 547 1829 isti5)
590 1785 688 1815 sunt
726 1774 802 1815 filii
844 1775 1102 1825 Abrahami,
1144 1787 1185 1817 et
1225 1789 1406 1833 propter
1442 1779 1540 1821 illos

117 1852 276 1908 scripta
305 1863 414 1900 sunt,
445 1867 554 1906 quae
584 1852 637 1892 de
656 1851 876 1892 Abraham
900 1852 1057 1908 scripta
1083 1864 1191 1894 sunt.
1234 1852 1317 1896 Hic
1338 1856 1538 1910 autemfi)

119 1927 205 1986 jam
235 1927 432 1984 sapientis
462 1927 538 1968 viri
578 1939 617 1968 et
654 1945 676 1969 a
708 1928 805 1969 Deo
844 1928 1072 1970 illuminati
1102 1941 1161 1971 est
1188 1931 1344 1972 intueri
1376 1943 1415 1972 et
1443 1949 1541 1988 per-

120 2005 296 2061 spicere,
326 2005 549 2059 quomodo
577 2007 919 2060 unumquodque
944 2022 1064 2061 opus,
1094 2008 1213 2062 quod
1244 2009 1297 2048 de
1320 2009 1540 2049 Abraham

123 2081 334 2130 scribitur,
360 2080 406 2120 in
429 2091 560 2121 semet
585 2081 678 2135 ipso
709 2082 898 2122 videatur
917 2084 1096 2138 expleri:
1130 2083 1245 2123 verbi
1264 2085 1405 2134 gratia,
1421 2086 1541 2139 quod

125 2157 286 2199 dictum
310 2168 367 2199 est
395 2157 449 2197 ad
477 2156 621 2198 illum:
651 2156 800 2212 ,‚exi⁷)
833 2159 884 2198 de
913 2169 1022 2199 terra
1041 2170 1127 2208 tua,
1158 2170 1196 2199 et
1217 2161 1269 2201 de
1286 2161 1542 2212 cognatione

245 2373 288 2431 ¹)
319 2373 401 2415 Ed.
429 2372 564 2414 Ruaei
593 2373 705 2414 sola:
734 2373 901 2429 scripta.

242 2444 290 2497 ²)
319 2444 434 2485 Alias
473 2444 530 2498 (v.
573 2460 605 2483 c·
645 2443 691 2484 in
725 2445 820 2485 edd.
852 2443 959 2500 M.):
992 2444 1066 2494 „In
1097 2448 1215 2503 quod
1246 2452 1342 2487 me“
1372 2458 1461 2498 etc.‚
1491 2450 1540 2488 al.

126 2502 286 2557 „quue
314 2505 412 2541 me“
441 2511 517 2540 ete.
545 2501 582 2540 R

242 2570 291 2625 3)
318 2570 432 2612 Edd.
461 2569 656 2611 Merlini:
687 2571 892 2611 dixerunt.

248 2638 293 2695 4)
322 2639 398 2680 Ev.
426 2640 554 2680 Joan.
584 2639 697 2689 Vlll,
723 2641 790 2683 39.
820 2641 888 2683 40.

249 2708 294 2765 ⁵)
323 2709 429 2752 Msc.
468 2727 577 2751 unus
618 2710 769 2751 habet:
797 2709 929 2768 ⁷‚juste
968 2711 1076 2753 fiunt
1113 2710 1188 2753 filii
1226 2713 1464 2754 Abrahac.“
1495 2713 1543 2754 R.

247 2778 294 2833 ὃ)
323 2779 371 2819 In
404 2780 470 2821 ed.
496 2779 631 2820 Ruaei
661 2781 776 2821 deest
804 2786 1008 2831 „autem.“

252 2847 298 2903 ⁷)
331 2847 482 2891 Genes.
511 2848 609 2899 XII,
638 2852 674 2894 1.
