1788 3111
391 128 437 158 m
466 116 543 158 ΕΡ.
576 125 636 156 An
676 112 899 153 Rommos
929 110 1198 151 PaAssrA'rio.
1480 107 1508 148 5

86 231 220 273 estin
252 226 421 272 Christo
460 228 563 268 Jesu
593 225 786 268 Domino
829 234 992 265 nostro.
1049 220 1282 263 Veritatem
1324 208 1420 260 dico
1461 218 1505 258 in

88 307 279 357 Christo,
308 323 400 347 non
428 303 633 353 mentIOr,
662 301 957 344 testimonium
983 298 1090 341 mihi
1118 297 1370 354 perhibente
1400 311 1504 337 con-

86 384 259 427 scientia
287 382 469 433 methin
501 379 661 435 Spiritu
692 384 882 420 sancto.“
925 375 1148 432 Numquid
1179 372 1404 427 videtur¹)
1437 388 1504 413 ea-

87 464 185 504 dem
207 460 464 503 sublimitate
486 457 637 498 mentis
665 456 834 498 dixisse:
867 470 1064 504 „macero
1084 453 1130 506 2)
1163 468 1317 507 corpus
1347 466 1506 498 meum,

95 552 135 581 et
165 538 353 581 servituti
389 534 589 592 subjicio,
629 550 683 574 ne
722 535 854 582 forte,
896 549 992 573 cum
1032 529 1121 571 aliis
1160 526 1505 585 praedicaverim,

84 616 174 672 ipse
205 616 413 670 reprobus
446 611 662 653 efficiar:“
705 627 784 666 qua
819 622 859 651 et
889 609 955 650 hic
989 608 1107 651 dicit:
1151 606 1247 663 quia
1265 606 1310 661 ³)
1340 605 1411 655 „in
1442 604 1505 644 his

87 691 285 734 omnibus
307 687 638 746 supervincimus
652 687 750 742 ;“¹²)
784 699 844 728 et:
877 697 1041 736 „certus
1060 685 1104 741 ⁵)
1135 702 1228 726 sum
1249 682 1373 732 enim,
1408 681 1505 738 quia

83 786 224 825 neque
253 785 382 817 mors,
411 783 553 822 neque
581 765 676 814 vita,
706 781 847 821 neque
877 763 1087 819 angeli,⁶)
1119 778 1259 817 neque
1288 759 1502 816 principa-

83 851 190 896 tus,“
221 857 261 886 et
293 858 468 893 caetera,
502 859 609 899 quae
641 840 933 898 descripsit,⁷)
963 840 1228 896 poteruntss)
1258 855 1363 889 „nos
1384 853 1503 893 sepa-

84 939 177 963 rare
207 939 230 963 a
261 922 433 963 caritate
462 920 615 962 Dei?“
672 919 748 961 His
779 919 906 972 igitur
934 919 1081 968 nobis,
1111 928 1243 974 prout
1271 915 1504 973 potuimus,

86 1001 138 1041 de
169 1016 293 1040 sensu
324 997 412 1056 ejus
442 999 488 1039 in
517 999 595 1038 hac
635 996 812 1053 epistola
853 995 939 1053 jam
977 995 1233 1052 perfectiore
1274 991 1502 1048 conceptis,

86 1076 210 1118 etiam
248 1077 355 1117 illud
397 1076 513 1117 haud
552 1076 735 1116 absurde
779 1073 1127 1122 admonebimus,
1181 1072 1299 1128 quod
1338 1070 1506 1112 videtur

84 1155 193 1194 hanc
227 1153 450 1209 epistolam
481 1155 533 1194 de
555 1152 764 1194 Corintho
795 1151 992 1201 scribere,
1019 1162 1059 1191 et
1080 1149 1170 1192 aliis
1203 1149 1376 1205 quidem
1405 1149 1503 1204 plu-

85 1231 204 1272 ribus
236 1231 413 1280 indiciis,
446 1230 678 1272 evidentius
702 1243 845 1271 tamen
878 1246 924 1269 ex
957 1245 1021 1278 eo,
1054 1229 1173 1283 quod
1205 1226 1324 1268 dicit:
1355 1243 1502 1276 „com-

86 1310 245 1350 mendo
262 1308 307 1365 9)
339 1320 480 1349 autem
510 1307 631 1348 vobis
661 1307 891 1355 Phoeben,
922 1322 1116 1347 sororem
1145 1316 1347 1354 nostram,
1378 1303 1504 1344 mini-

86 1397 215 1425 stram
237 1385 446 1435 ecclesiae,
481 1402 587 1440 quae
606 1396 666 1425 est
693 1383 935 1425 CenchriS.“
984 1382 1185 1424 Cenchris
1218 1381 1330 1422 enim
1352 1381 1507 1422 dicitur

89 1462 210 1502 locus
243 1461 452 1502 Corintho
484 1461 664 1509 vicinus,
704 1460 792 1502 imo
832 1471 982 1515 portus
1021 1458 1151 1514 ipsius
1183 1458 1392 1500 Corinthi.
1449 1459 1507 1499 Et

87 1555 135 1579 ex
165 1539 248 1579 hoc
281 1554 378 1589 ergo
410 1548 585 1592 apparet
616 1542 668 1577 de
700 1537 910 1578 Corintho
941 1535 1107 1591 scripta,
1139 1547 1180 1577 et
1210 1552 1258 1577 ex
1289 1553 1354 1585 eo,
1387 1537 1505 1592 quod

84 1615 205 1656 dicit:
237 1615 415 1666 „salutat
434 1614 505 1668 10)
535 1631 609 1654 vos
632 1613 775 1663 Gaius,
808 1616 961 1669 hospes
991 1619 1170 1654 meus:“
1202 1614 1255 1653 de
1279 1631 1364 1669 quo
1392 1614 1502 1655 Gaio
1526 1623 1529 1625 ‘

84 1692 270 1734 scribens
305 1690 533 1732 Corinthiis
565 1703 893 1740 commemorat,
926 1690 1087 1731 dicens:
1129 1690 1393 1747 „gratias¹¹)
1426 1708 1503 1745 ago

84 1772 182 1812 Deo
216 1787 328 1821 meo,
361 1770 478 1825 quod
509 1769 722 1810 neminem
743 1780 928 1809 vestrum
954 1768 1174 1824 baptizavi,
1205 1767 1285 1810 nisi
1306 1768 1505 1825 Crispum

85 1861 127 1890 et
158 1848 355 1890 Gaium.“
413 1846 562 1890 Simile
593 1858 634 1887 et
672 1845 826 1886 deinde
858 1847 983 1886 datur
1012 1846 1238 1897 indicium,
1276 1845 1352 1887 ubi
1384 1845 1503 1886 dicit:

85 1925 353 1982 ‚‚salutat¹²)
390 1941 465 1967 vos
502 1925 697 1974 Erastus,
738 1921 1013 1979 arca1·ius¹³)
1053 1923 1287 1966 civitatis:“
1332 1924 1386 1965 de
1417 1940 1503 1979 quo

206 2100 248 2155 ¹)
277 2102 380 2143 Mss.
412 2101 625 2157 plerique:
658 2100 937 2149 „videbitur.“
996 2102 1082 2142 Sed
1114 2101 1221 2142 ⁷Msc.
1251 2101 1354 2152 Reg.
1385 2117 1502 2141 num.

89 2159 209 2203 1639.
242 2170 282 2198 et
312 2157 412 2198 editi
442 2159 501 2213 (v.
534 2175 567 2197 c.
600 2158 695 2198 edd.
727 2157 836 2209 M.)
868 2156 1100 2205 „videturf‘
1130 2157 1183 2198 R,

201 2229 248 2284 2)
278 2228 298 2268 Ι
332 2227 431 2268 Cor.
462 2227 538 2275 IX,
568 2228 636 2269 27.
754 2225 800 2281 3)
830 2227 957 2268 Rom.
987 2227 1105 2276 VIII,
1136 2228 1203 2269 37.

200 2299 247 2352 4)
277 2299 389 2338 Edd.
420 2298 479 2338 Μ.
513 2298 551 2337 h.
569 2297 609 2345 l.,
643 2298 693 2336 cf.
725 2311 818 2351 pag.
845 2295 883 2337 4.
914 2308 1004 2337 not.
1026 2296 1106 2346 12„
1139 2311 1419 2352 superamus.

202 2369 247 2423 5)
276 2369 404 2409 Rom.
436 2368 552 2416 VIII,
582 2367 651 2409 38.
679 2367 748 2409 39.
839 2366 885 2422 6)
919 2367 983 2409 Cf.
1013 2383 1107 2423 pag.
1137 2368 1177 2409 4.
1207 2379 1297 2409 not.
1329 2368 1394 2410 13.

205 2439 249 2494 ⁷)
280 2439 390 2480 Edd.
421 2437 616 2478 Merlini:
649 2437 825 2492 scripsit..

201 2508 247 2562 8)
278 2509 359 2549 Ed.
389 2509 438 2549 R·
471 2508 515 2548 in
547 2520 682 2549 textu:
715 2506 969 2562 „poterint,“
998 2507 1043 2548 in
1060 2507 1194 2550 notis:
1225 2509 1355 2559 „editi
1386 2509 1445 2565 (e.
1468 2526 1501 2551 c.

89 2567 183 2608 edd.
214 2564 323 2619 Μ.)ῑ
355 2567 540 2620 poterit.
601 2566 707 2607 Msc.
738 2579 869 2604 unus:
899 2569 1159 2619 poterunc.“

203 2636 249 2690 9)
278 2636 404 2676 Rom.
438 2635 554 2684 xw,
585 2635 622 2676 1.

179 2705 251 2762 ιο)
282 2707 409 2747 Rom.
440 2706 558 2755 xvi,
589 2707 658 2749 23.
691 2731 742 2738 -
772 2706 854 2747 Ed.
884 2705 948 2747 M.
978 2703 1032 2745 Π.
1063 2693 1324 2745 constanter:
1366 2702 1504 2760 cajus.

181 2776 252 2832 ιι)
282 2778 303 2818 1
336 2776 434 2818 Cor.
465 2776 498 2824 I,
530 2775 595 2818 14.
717 2775 788 2831 12)
813 2776 939 2817 Rom.
969 2774 1087 2824 XVI,
1116 2774 1184 2818 23.

184 2846 256 2902 13)
289 2846 592 2889 Genebrardus
640 2846 706 2890 hie
758 2847 811 2889 de
848 2863 926 2888 suo
966 2844 1150 2887 addidit:
1200 2840 1224 2887 ὁ
1263 2838 1507 2900 οἰκονόμος
