1788 3111
209 138 295 182 238
551 134 774 178 OmGENts
801 147 850 178 m
878 135 957 178 ΕΡ.
987 146 1048 178 AD
1082 135 1307 178 Rommos

213 249 452 309 qualitatis,
491 260 564 291 aut
606 248 848 305 quantitatis
888 248 1103 291 diversitas
1140 248 1295 306 non')
1333 261 1402 294 est.
1466 251 1649 296 Videtur

214 345 315 380 ergo
348 327 475 369 etiam
515 325 560 367 in
592 326 806 383 praesenti
835 327 960 377 loco,
992 343 1089 368 cum
1123 325 1346 381 multae2)
1375 328 1479 370 fides
1512 330 1650 371 Abra-

212 406 331 449 hami
374 403 692 461 praecesserint,
733 421 814 460 per
851 404 1015 456 singula
1047 420 1265 460 quaeque,
1311 420 1421 460 quae
1452 421 1499 445 ex
1527 417 1650 462 parte

210 482 404 540 superius
444 481 796 532 memoravimus,
842 481 889 522 in
925 482 1010 523 hoc
1046 499 1163 523 nune
1194 484 1389 524 universa
1425 482 1530 524 fides
1561 481 1648 539 ejus

213 577 299 604 esse
331 561 532 610 collecta,
571 571 611 600 et
647 558 704 600 ita
745 557 782 599 ei
827 560 882 600 ad
924 558 1122 615 justitiam
1155 571 1360 615 reputata.
1418 559 1518 600 Jam
1547 576 1649 601 sane

214 637 515 686 considerabis,
545 635 655 691 si,3)
687 646 734 677 ut
765 637 817 677 de
847 636 933 677 fide
964 636 1126 677 dictum
1161 648 1230 686 est,
1269 635 1366 692 quia
1396 637 1650 693 reputata⁴)

216 727 276 759 est
306 715 344 757 ei
385 716 439 756 ad
471 713 697 771 justitiam,
737 713 794 755 ita
837 724 877 754 et
907 715 960 754 de
999 713 1088 755 aliis
1118 714 1341 755 virtutibus
1382 713 1466 756 dici
1505 715 1653 770 possit,

213 794 326 851 quia,
354 791 472 834 verbi
504 791 655 843 gratia,
698 790 993 832 misericordia
1024 791 1257 847 unicuique
1292 792 1482 847 reputari
1510 803 1652 848 potest

213 874 265 914 ad
325 868 547 929 justitiam,
611 879 684 909 aut
731 868 959 924 sapientia,
1019 881 1091 910 aut
1143 868 1338 919 scientia,
1397 881 1469 911 aut
1528 887 1653 912 man-

213 949 395 991 suetudo
429 959 469 988 et
488 945 717 995 humilitas,
744 947 809 986 vel
835 957 946 987 certe
986 944 1020 987 si
1066 945 1187 986 omni
1228 947 1417 990 credenti
1454 948 1560 989 fides
1597 948 1652 989 ad

211 1025 414 1085 justitiam
455 1035 684 1080 reputetur.
750 1022 835 1064 Sed
873 1039 970 1064 cum
1004 1024 1059 1064 ad
1100 1022 1343 1079 Scripturas
1376 1025 1520 1075 redeo,
1559 1041 1652 1066 non

215 1103 416 1145 omnibus
466 1101 736 1143 credentibus
783 1100 955 1141 invenio
1018 1102 1140 1156 quod
1188 1101 1292 1142 fides
1344 1103 1399 1143 ad
1448 1101 1650 1159 justitiam

213 1193 446 1239 reputetur.
512 1177 716 1233 Denique
752 1177 960 1232 scriptum
1010 1186 1069 1217 est
1122 1178 1176 1217 de
1217 1178 1311 1220 filiis
1356 1179 1506 1228 Israel,
1551 1178 1651 1234 quia

214 1254 578 1311 „crediderunt⁵)
610 1254 822 1303 Domino,
856 1265 895 1294 et
912 1254 1077 1295 famulo
1115 1252 1203 1310 ejus
1217 1253 1370 1305 Mosi‚“
1399 1271 1480 1295 nec
1509 1266 1654 1296 tamen

215 1335 399 1384 additur,
430 1334 549 1389 quod
582 1333 635 1373 de
664 1331 887 1372 Abraham
911 1330 1118 1386 scriptum
1150 1342 1231 1382 est,
1269 1331 1368 1387 quia
1389 1343 1590 1387 'reputata
1607 1331 1654 1386 ⁶)

217 1425 277 1454 est
316 1413 398 1454 illis
443 1412 497 1452 ad
542 1407 757 1466 justitiam.
817 1407 889 1449 Ob
934 1409 1019 1449 hoc
1051 1409 1262 1459 arbitror,
1298 1410 1422 1469 Aquod
1452 1425 1544 1450 non
1572 1408 1655 1450 illis

219 1501 330 1540 erat,
371 1488 479 1530 sicut
520 1487 564 1528 in
595 1486 815 1528 Abraham
847 1486 1100 1537 docuimus,
1130 1502 1179 1527 ex
1207 1486 1351 1528 multis
1380 1486 1573 1543 partibus
1602 1486 1655 1526 fi·

217 1568 285 1609 dei
314 1569 359 1608 in
388 1582 524 1607 unum
558 1575 801 1606 coacervata
831 1563 1038 1620 perfectio
1056 1595 1067 1613 ,
1097 1580 1208 1619 quae
1236 1575 1474 1605 mereretur
1504 1565 1556 1604 ad
1587 1562 1654 1618 ju-

214 1645 369 1688 stitiam
421 1641 624 1698 reputari.
695 1640 830 1696 Quod
879 1653 1021 1681 autem
1073 1641 1195 1682 dicit:
1253 1640 1380 1696 „ei⁷)
1420 1657 1544 1690 vero,
1579 1639 1653 1695 qui

219 1732 443 1779 operatur,
481 1734 642 1759 merces
688 1734 782 1758 non
820 1717 1057 1772 imputatur
1094 1717 1331 1759 secundum
1362 1718 1550 1770 gratiam,
1580 1719 1654 1759 scd

216 1799 455 1841 secundum
487 1795 703 1837 debitum:
736 1793 925 1835 credenti
957 1805 1095 1834 autem
1126 1793 1170 1834 in
1203 1809 1325 1843 eum,
1356 1794 1428 1850 qui
1458 1793 1655 1851 justificat

217 1875 416 1932 impium,
446 1884 668 1929 reputatur
695 1872 800 1913 fides
833 1872 887 1912 ad
933 1869 1183 1927 justitiam:“
1222 1871 1388 1912 videtur
1420 1873 1657 1921 ostendere,

221 1952 341 2009 quasi
370 1952 416 1992 in
447 1951 532 1992 fide
563 1950 736 2005 quidem
769 1947 899 2001 gratia
929 1948 980 1990 sit
1010 1946 1284 2004 justificantis,
1314 1949 1360 1989 in
1393 1965 1525 2005 opere
1553 1965 1655 1989 vero

221 2028 377 2088 justitia
409 2027 749 2083 1·etribuentis.8)
812 2027 898 2068 Sed
941 2040 1017 2077 ego
1064 2042 1162 2066 cum
1194 2027 1418 2067 considero
1449 2025 1658 2067 sermonis

225 2107 513 2155 eminentiam,
545 2121 628 2161 qua
660 2104 762 2146 dicit
791 2102 988 2160 operanti
1025 2103 1263 2144 secundum
1295 2102 1489 2144 debitum
1520 2102 1658 2151 reddi,

222 2184 290 2226 vix
321 2183 427 2225 mihi
455 2183 640 2233 suadeo,
685 2183 805 2238 quod
834 2179 968 2237 possit
997 2180 1135 2220 ullum
1163 2196 1272 2236 opus
1306 2196 1414 2230 esse,
1460 2181 1578 2237 quod
1611 2195 1659 2220 ex

342 2295 385 2357 1>
415 2300 463 2341 In
489 2299 608 2342 editis
625 2300 682 2356 (v.
698 2317 730 2342 c.
753 2300 798 2341 in
820 2300 884 2342 ed.
905 2299 966 2341 M.
991 2299 1048 2354 Ι.)
1067 2304 1210 2349 ‚‚non“
1227 2297 1585 2356 praetermittitur.
1605 2296 1656 2337 R.

342 2371 388 2426 ²)
419 2370 531 2411 Edd.
562 2369 758 2411 Mcrlini:
791 2372 896 2412 fides
929 2370 1101 2411 multae.

341 2441 388 2497 3)
417 2440 497 2481 Ed.
527 2439 663 2481 Ruaei
694 2439 860 2496 (itemq.
891 2441 955 2481 ed.
987 2440 1047 2480 Μ.
1091 2436 1148 2493 Ι.)
1186 2437 1231 2479 in
1260 2448 1398 2480 textu:
1435 2437 1568 2487 „sicut
1608 2438 1660 2478 de

225 2499 337 2540 fide“
369 2509 458 2546 etc„
490 2498 580 2537 ead.
614 2508 756 2537 tamen
801 2499 865 2538 ed.
899 2496 949 2536 R.
980 2495 1027 2536 in
1058 2494 1281 2536 Addendis
1314 2505 1353 2534 et
1384 2493 1660 2546 Corrigendis

225 2571 318 2612 pag.
350 2555 443 2597 401.
478 2552 726 2594 rectissime:
756 2554 891 2604 „lcge:
923 2554 980 2604 si,
1014 2562 1062 2592 uc
1094 2550 1150 2591 de
1167 2550 1301 2604 fide“
1333 2561 1408 2591 etc.

344 2624 391 2681 ⁴²)
422 2623 534 2664 Edd.
565 2621 761 2662 Mcrlini:
793 2627 1072 2678 reputatum-‘⁴
1107 2645 1156 2652 —-
1192 2619 1317 2661 Rom.
1350 2619 1422 2669 IV,
1452 2619 1489 2662 9.

346 2695 392 2750 ⁶)
422 2693 558 2734 Exod.
590 2692 705 2741 XIV,
734 2693 801 2737 31.

345 2765 392 2820 ⁶)
423 2763 530 2805 Edd.
563 2762 754 2804 Merlini:
787 2774 1028 2820 reputatum
1061 2773 1130 2803 est.

349 2835 394 2889 ⁷)
425 2833 549 2874 Rom.
581 2833 651 2882 lV,
680 2835 718 2874 4.
748 2834 787 2875 5.

348 2902 396 2958 ⁸)
425 2904 539 2946 Alias
573 2905 634 2959 (v.
667 2920 699 2946 c.
728 2903 772 2945 in
805 2906 900 2947 edd.
932 2904 1036 2959 M.):
1070 2904 1358 2957 ‚,tribuentis.“
1388 2902 1437 2945 R.
