1788 3111
537 102 974 146 Commmmmonum
1003 102 1094 145 Lm.
1122 103 1154 144 Ι.
1496 105 1550 147 27

141 242 192 252 -
233 216 448 260 Elisabeth
494 227 634 258 autem
675 231 723 257 ex
760 215 929 257 filiabus
967 216 1115 257 Aaron
1157 232 1242 258 esse
1284 215 1460 267 dicitur,
1500 242 1553 250 ——

138 307 281 338 tamen
320 297 554 337 affirmatur
580 293 623 349 ¹)
662 310 685 335 a
721 293 893 342 nostris,
932 294 1051 348 quod
1091 294 1352 345 cognationis
1392 312 1554 336 nomen

138 390 230 414 non
260 373 398 414 solum
430 373 483 413 ad
515 370 795 421 contribules,
834 372 910 412 sed
941 369 1040 425 et2)
1068 372 1122 411 ad
1153 387 1320 420 omnes,
1356 373 1428 427 qui
1457 385 1554 414 sunt

141 466 189 491 ex
220 463 371 501 genere
409 448 560 498 Israel,
595 448 705 488 inter
741 463 785 488 se
822 446 1001 488 invicem
1033 448 1383 503 competenter3)
1422 449 1555 504 possit

141 527 297 582 aptari,
338 526 444 568 sicut
473 536 510 566 et
538 524 653 565 idem
682 525 914 578 Apostolus
944 525 996 565 de
1037 525 1236 566 omnibus
1271 525 1395 566 simul
1431 527 1552 568 dicit:

140 604 240 660 „qui
256 603 301 659 4)
339 614 434 644 sunt
465 600 631 652 cognati
659 601 743 641 mei
782 603 1015 642 secundum
1047 607 1255 642 carnem.“
1313 601 1430 644 Haec
1460 604 1554 658 qui-

142 683 238 723 dem
270 692 308 721 et
326 679 370 735 ⁵)
399 679 479 720 alia
509 678 571 720 his
599 677 749 719 similia
774 679 1106 734 respondentur:
1138 694 1285 719 verum
1316 696 1443 734 quam
1473 681 1555 722 sint

139 757 276 799 valida
308 759 528 798 adversum
561 755 804 798 assertiones
843 771 1014 805 eorum,
1055 755 1126 811 qui
1164 773 1242 797 nos
1279 757 1331 797 de
1362 757 1554 814 Scriptu-

140 851 286 875 rarum
304 834 551 876 testimoniis
571 844 811 889 perurgent,
840 833 1025 888 probato
1047 843 1093 873 tu
1110 831 1155 888 6)
1187 833 1258 888 qui
1278 833 1388 884 legis.
1418 835 1554 878 Nobis

140 923 280 952 tamen
313 913 418 953 haec
446 910 718 961 intengenda
746 911 980 950 secundum
1009 909 1272 965 spiritualem
1302 912 1366 951 vel
1397 912 1555 963 allego-

138 989 270 1030 ricam
301 989 510 1030 rationem
540 988 669 1039 magis
700 988 915 1037 videntur,
954 989 1189 1028 secundum
1229 990 1346 1044 quod
1365 990 1409 1044 ⁷)
1447 990 1555 1031 nihil

142 1067 262 1107 obest
300 1066 445 1116 etiam,
498 1066 616 1121 quod
656 1064 817 1119 Joseph
865 1075 986 1119 pater
1031 1063 1186 1105 Christi
1232 1065 1403 1116 dicitur,
1455 1085 1552 1109 cum

144 1142 322 1184 omnino
352 1160 445 1184 non
474 1144 526 1185 sit
557 1140 643 1198 ejus
659 1141 705 1197 8)
736 1152 875 1197 pater:
908 1141 1006 1197 quia
1031 1153 1069 1182 et
1089 1141 1135 1182 in
1157 1143 1499 1193 generationibus
1531 1163 1554 1187 a

139 1220 359 1262 Blatthaeo
390 1221 589 1268 refertur,
629 1219 745 1274 quod
776 1218 983 1273 Josaphat
1013 1219 1203 1269 genuerit
1219 1220 1264 1275 9)
1300 1221 1476 1273 Joram,
1516 1235 1556 1265 et

141 1298 294 1339 Joram
324 1297 514 1348 genuerit
545 1295 715 1347 Oziam3
743 1295 788 1336 in
819 1308 968 1351 quarto
1001 1309 1140 1338 autem
1164 1298 1410 1349 Regnorum
1441 1301 1553 1342 libro

141 1374 344 1429 scriptum
364 1384 433 1422 est,
456 1374 575 1428 quod
591 1372 740 1413 Joram
759 1373 947 1423 genuerit
966 1373 1035 1428 ¹⁰)
1068 1376 1316 1426 Ochoziam,
1350 1388 1389 1417 et
1406 1377 1553 1419 Ocho-

143 1451 224 1492 zias
255 1448 531 1503 genuerit¹¹)
561 1449 703 1497 Joam,
724 1448 794 1503 12)
827 1460 864 1489 ct
884 1450 986 1491 Joas
1017 1451 1293 1508 genuerit13)
1324 1454 1554 1506 Amasiam,

142 1527 332 1569 Amasias
361 1542 461 1567 vero
493 1523 769 1580 genuerit14)
799 1525 1016 1577 Azariam,
1045 1528 1208 1583 ipsum,
1239 1530 1312 1585 qui
1339 1531 1554 1574 interdum

144 1602 269 1644 Ozias
298 1603 567 1654 nominatur3
597 1612 634 1642 et
654 1602 821 1643 Azarias
839 1602 909 1658 ¹⁵)
939 1604 1152 1647 Joatham.
1191 1605 1276 1648 Hic
1297 1624 1394 1661 ergo
1419 1608 1555 1661 Ozias,

261 1736 305 1792 ¹)
335 1736 452 1778 Editi
481 1735 539 1791 (e.
558 1752 589 1777 c.
606 1737 701 1776 edd.
721 1733 826 1789 M.):
858 1737 1167 1786 „affirmabitur
1183 1757 1205 1780 a
1226 1740 1417 1783 nostris.“
1446 1742 1553 1784 Msc.

142 1792 519 1890 {Itegihnpergigssga
549 1793 856 1842 „affirmabitur
884 1811 908 1836 a
935 1795 1102 1836 nobis.“
1148 1796 1313 1840 Caeteri
1334 1816 1434 1841 vero
1453 1799 1554 1842 BIss.

257 1918 303 1974 2)
334 1919 610 1960 Desideratur
638 1925 728 1969 „et“
758 1918 802 1960 in
835 1920 928 1961 edd.
968 1920 1029 1961 M.

259 1989 306 2044 ³)
336 1989 445 2030 Edd.
473 1989 670 2031 Merlini:
700 1989 833 2045 possit
861 1991 996 2045 aptari
1026 2003 1324 2048 competenter.

260 2059 307 2112 4)
338 2059 464 2100 Rom.
494 2060 571 2109 IX,
599 2061 638 2102 3.

263 2126 307 2182 ⁵)
338 2128 454 2169 Editi
484 2131 540 2184 (e.
573 2146 607 2169 c.
638 2131 732 2171 edd.
763 2129 869 2183 M.):
899 2140 966 2181 „et
995 2132 1075 2174 alia
1097 2132 1322 2176 similiter.“
1352 2132 1401 2172 R.

260 2196 308 2253 6)
339 2197 469 2240 Deest
496 2205 592 2248 „tu“
620 2199 665 2239 in
695 2201 790 2240 edd.
821 2200 1007 2242 Merlini.

263 2267 308 2323 7)
338 2268 419 2309 Ed.
450 2269 511 2309 M.
542 2269 604 2309 II:
638 2286 778 2324 quam.

261 2337 309 2393 ⁸)
338 2337 419 2380 Ed.
449 2339 642 2380 Merlini:
672 2352 793 2395 pater
823 2338 920 2397 ejus.

265 2406 312 2463 9)
341 2408 490 2451 Matth.
520 2410 551 2459 I,
582 2411 620 2453 ὃ.

238 2477 309 2531 ¹⁰)
339 2478 378 2517 ΙΙ
399 2478 526 2531 Regg.
548 2480 661 2530 VIII,
689 2483 756 2523 25.
787 2481 871 2537 (IV
890 2480 1038 2536 Regg.)

241 2546 312 2602 ¹¹)
343 2547 383 2587 ΙΙ
413 2549 540 2600 Begg.
572 2549 645 2599 XI,
674 2551 713 2591 2.
743 2552 825 2606 (IV
854 2551 1006 2607 Regg.)

238 2616 310 2673 ¹²)
340 2617 450 2660 Edd.
479 2618 674 2660 Merlini:
705 2621 819 2663 JoaS.

237 2686 310 2743 ¹3)
339 2687 379 2727 II
409 2688 533 2741 Regg.
563 2690 680 2742 XIV,
708 2692 744 2732 1.
775 2691 859 2746 (IV
886 2690 1013 2744 Regg.

240 2755 311 2812 Νἶ)
341 2756 381 2796 II
411 2757 535 2810 Regg.
564 2759 659 2811 XV,
690 2763 726 2804 1.
756 2761 840 2816 (IV
869 2761 1019 2812 Regg.)

242 2826 313 2881 15)
342 2827 383 2868 II
411 2828 537 2881 Reggn
565 2830 661 2880 XV,
690 2832 728 2874 ’7.
757 2831 825 2874 30.
854 2831 921 2874 32.
952 2831 1019 2875 34.
1049 2830 1132 2887 (IV
1161 2832 1285 2885 Regg.
