1788 3111
531 110 971 152 COMMENTARIORUM
1001 108 1093 149 Lm.
1118 107 1133 147 1
1140 108 1170 150 Ι.
1475 109 1555 153 141

146 234 252 266 esset
281 221 465 272 absurdi,
494 222 528 263 si
559 223 613 263 ad
643 219 939 263 discreti0nem
970 232 1231 262 caeterarum
1259 219 1446 274 gentium
1474 237 1556 277 po-

146 301 292 357 pulus,
324 299 395 355 qui
425 300 504 340 sub
534 299 626 351 lege
655 296 739 338 Dei
767 297 1087 347 instituebatur,
1127 298 1352 353 proprium
1382 298 1558 354 aliquod

147 389 325 431 gestaret
354 375 543 429 insigne?
600 376 656 416 Et
686 374 720 415 si
749 375 980 416 necessaria
1009 375 1094 416 visa
1125 386 1185 415 est
1224 374 1353 430 partis
1382 373 1560 432 alicujus

148 453 394 510 amputatio,
427 453 529 509 quid
557 464 644 493 tam
675 451 928 493 conveniens
958 451 1050 502 suit,
1084 469 1211 507 quam
1243 469 1334 492 eam
1359 451 1559 502 invenire,
1606 501 1613 505 .

150 549 257 588 quae
288 531 508 572 videbatur
538 531 772 578 obscoena,
811 540 851 569 et
888 529 959 570 illa
990 531 1175 580 auferre,
1218 545 1403 585 quorum
1436 528 1561 569 dimi-

148 608 270 649 nutio
301 607 406 648 nihil
436 607 490 646 ad
522 605 711 646 officium
750 606 941 661 corporis
979 605 1234 661 impediret?
1297 606 1431 661 Quod
1459 623 1561 647 vero

150 685 318 734 dicunt,
358 682 477 739 quia,
518 682 609 736 sil)
638 682 870 723 necessaria
899 698 989 723 non
1020 694 1107 722 erat
1136 682 1209 722 illa
1239 700 1335 738 pars
1365 681 1562 732 membri,

151 760 240 802 fieri
269 777 292 801 a
324 759 525 800 Creatore
554 776 645 800 non
676 758 843 800 debuit:
882 758 915 800 si
944 759 1179 800 necessario
1211 761 1320 801 facta
1353 771 1434 809 est,
1470 775 1562 800 non

151 839 277 878 debet
315 835 486 877 auferri:
527 834 835 888 interrogemus
876 852 947 877 eos
991 847 1031 877 et
1068 853 1169 886 nos,
1211 836 1245 877 si
1284 835 1562 878 necessariam

150 913 291 954 dicant
327 911 515 952 filiorum
552 912 905 968 procreationem.
973 913 1260 954 Necessariam
1299 913 1388 954 si'ne
1428 911 1562 953 dubio

148 990 479 1045 respondebunt.
526 989 666 1030 Erunt
697 1006 794 1041 ergo
828 990 1070 1046 culpabiles,
1104 991 1176 1046 qui
1208 989 1492 1031 continentiae
1524 1001 1564 1030 et

149 1065 389 1119 virginitatis
420 1066 620 1115 obtentu,
659 1066 898 1108 necessariis
928 1079 1104 1108 naturae
1136 1067 1285 1108 officiis
1316 1084 1406 1108 non
1435 1066 1562 1107 mini-

149 1155 301 1185 strant:
335 1154 374 1183 et
403 1155 527 1184 erunt
558 1143 735 1196 cogendi
766 1145 820 1184 ad
849 1144 1017 1199 nuptias
1049 1145 1277 1201 ornnes,2)
1311 1145 1384 1201 qui
1413 1161 1563 1186 secun—a

153 1223 255 1261 dum
288 1219 503 1271 Evangelii
534 1220 644 1271 leges
681 1232 838 1268 „semet
868 1221 980 1276 ipsos
996 1221 1040 1276 3)
1073 1233 1357 1263 castraverunt
1385 1233 1564 1277 propter

151 1314 327 1350 regnum
370 1295 510 1345 Dei,“
559 1297 759 1338 habentes
809 1298 988 1353 exempli
1032 1297 1158 1354 hujus
1203 1310 1421 1338 auctorem
1465 1315 1564 1338 cum

152 1375 309 1415 multos
340 1373 445 1415 alios
475 1384 741 1422 sanctorum,
771 1385 862 1414 tum
894 1374 1019 1415 etiam
1047 1375 1186 1430 ipsum
1217 1374 1458 1415 Dominum
1489 1376 1562 1416 Je-

152 1468 257 1492 sum.
314 1450 362 1489 In
394 1465 557 1489 summa
586 1466 686 1489 vero
720 1449 947 1491 dicendum
979 1463 1059 1500 est,
1103 1453 1243 1506 quod,
1283 1451 1390 1491 sicut
1428 1451 1564 1492 multa

151 1526 382 1568 necessaria
420 1538 540 1566 erant
578 1526 829 1581 baptismata
868 1540 963 1568 ante
1001 1528 1259 1583 baptismum
1300 1527 1475 1578 Christi,
1523 1540 1564 1569 et

151 1605 309 1644 multae
337 1602 673 1658 purificationes,
712 1615 939 1658 antequam
969 1604 1208 1659 purificatio
1247 1621 1326 1659 per
1354 1604 1563 1660 Spiritum

153 1693 343 1723 sanctum
374 1680 513 1728 fieret,
553 1690 594 1719 et
621 1679 781 1720 multae
812 1680 994 1730 hostiae,
1026 1692 1252 1736 antequam
1288 1697 1375 1721 una
1412 1681 1562 1731 hostia,

153 1775 281 1810 agnus
313 1755 619 1805 immaculatus,
649 1769 780 1797 semet
809 1756 948 1813 ipsum
966 1757 1083 1797 Patri
1115 1759 1290 1798 offerret
1304 1756 1348 1812 4)
1381 1758 1563 1799 hostiam

155 1834 366 1876 Christus:
418 1833 478 1874 ita
528 1832 651 1873 etiam
698 1834 843 1874 multis
884 1834 1275 1875 circumcisionibus
1321 1851 1428 1890 opus
1469 1835 1574 1884 fuit,

151 1927 285 1967 usque
316 1927 401 1966 quo
432 1926 516 1950 una
547 1909 592 1950 in
633 1909 800 1951 Christo
834 1910 1096 1952 circumcisio
1129 1910 1389 1967 omnibus⁵)
1420 1914 1562 1953 trade-

151 2000 287 2038 retur,
319 1999 359 2029 et
386 1987 623 2027 multorum
653 1987 862 2039 sanguinis
884 1987 1034 2029 effusio
1053 1988 1289 2043 praecessit,
1319 2005 1453 2043 usque
1475 2005 1560 2044 quo

151 2081 229 2120 per
244 2063 368 2105 unius
389 2063 634 2115 sanguinem
666 2063 860 2104 omnium
889 2063 1095 2104 redemtio
1127 2064 1258 2105 fieret.
1318 2066 1434 2105 Haec
1467 2065 1561 2122 qui-

153 2141 251 2180 dem
272 2139 396 2180 nohis
415 2140 468 2180 ad
497 2156 692 2194 praesens
713 2156 934 2180 occurrere
966 2141 1018 2180 de
1039 2139 1365 2181 circumcisionis
1398 2141 1563 2183 ratione

150 2227 403 2273 potuerunt:
438 2232 544 2271 quae
573 2227 715 2256 tamen
747 2232 794 2256 ca
825 2217 915 2268 lege
947 2215 1057 2256 dicta
1087 2215 1170 2256 sint
1200 2233 1223 2256 a
1253 2216 1400 2268 nobis,
1429 2229 1496 2267 ut,
1529 2218 1564 2259 si

153 2293 244 2349 quis
274 2292 425 2334 melius
457 2303 497 2332 et
527 2292 818 2333 rationabilius
851 2292 1010 2343 dixerit,
1040 2292 1112 2333 illa
1141 2292 1270 2345 magis
1303 2310 1433 2348 quam
1459 2296 1563 2336 haec

158 2381 303 2411 nostra
340 2380 576 2411 teneantur.
646 2370 809 2410 Verum
849 2381 946 2425 post
986 2385 1197 2410 excessum
1235 2368 1347 2426 justo
1384 2371 1563 2412 forsitan

152 2446 389 2499 largiorem,
420 2446 473 2485 ad
491 2446 535 2501 6)
566 2445 801 2501 Apostolici
832 2446 1150 2487 conclusionem
1181 2446 1353 2502 capituli
1378 2460 1560 2490 reverta—

271 2565 315 2619 1>
347 2564 479 2604 Deest
508 2563 594 2613 „si“
622 2563 668 2604 in
698 2565 792 2605 edd.
823 2564 885 2607 M.
1294 2539 1316 2571 '⁸

268 2633 314 2685 Ἄ)
345 2631 622 2674 Desideratur
651 2639 852 2684 „omnes“
880 2633 924 2675 in
957 2636 1051 2676 edd.
1085 2636 1144 2676 Μ.

265 2702 311 2756 3)
341 2703 491 2744 Matth.
512 2703 630 2752 XIX,
652 2704 718 2745 12.
821 2703 865 2758 ⁴)
889 2706 1016 2746 Hebr.
1039 2705 1115 2755 IX,
1136 2705 1201 2747 14.
1223 2716 1263 2746 et
1280 2705 1300 2745 I
1315 2704 1427 2748 Petr.
1442 2707 1476 2756 I,
1496 2707 1558 2750 19,

272 2771 315 2825 ⁵)
344 2771 424 2811 Ed.
455 2772 516 2818 M.
548 2773 610 2812 II:
641 2772 686 2813 in
717 2774 927 2817 omnibus.

269 2839 314 2893 6)
344 2840 454 2883 Edd.
484 2842 677 2884 Merlini:
709 2846 763 2885 ad
795 2845 992 2901 Apostoli
1023 2843 1342 2887 conclusionem
1372 2858 1448 2887 etc.

1258 2608 1263 2616 1
1311 2601 1339 2612 Α’”

1297 2617 1326 2638 1.
