1788 3111
488 86 928 129 COMMENTARIORUM
958 87 1047 129 Lm.
1079 88 1150 130 lv.
1448 90 1531 137 291

121 211 346 250 struentur‚
371 211 410 242 et
428 199 470 257 ¹)
498 200 732 241 manebunt
761 199 844 249 illa,
875 215 983 254 quae
1023 212 1121 241 sunt
1149 199 1256 241 facie
1287 201 1340 242 ad
1370 200 1533 244 faciem.

123 275 258 331 Quod
286 275 320 318 si
352 276 419 318 cui
447 278 558 318 forte
588 274 800 317 videbitur
821 276 921 317 huie
950 275 1200 332 expositioni
1228 288 1396 319 nostrae
1423 278 1533 320 illud

122 368 145 394 e
175 352 388 394 contrario
416 351 545 409 objici
574 367 708 408 posse,
730 353 848 407 quod
867 351 955 408 ipse
976 354 1205 408 Apostolus
1225 353 1347 395 dicit:
1366 371 1471 404 „nos
1486 354 1532 410 ²)

122 440 263 470 autem
293 430 470 471 revelata
500 428 606 471 facie
635 426 812 480 gloriam
844 428 1023 469 Domini
1057 430 1344 483 speculantes,
1383 433 1531 473 eadem

118 505 303 557 imagine
339 504 751 559 transformamur3)
796 521 818 545 a
863 505 993 556 gloria
1023 505 1066 546 in
1098 505 1303 557 gloriam,
1329 517 1530 563 tanquam

120 599 143 624 a
174 582 355 624 Domini
383 581 531 638 spiritu
546 585 580 620 :“
612 591 651 620 et
685 579 810 621 dicit:
842 581 1064 636 quomodo
1105 582 1244 622 adhuc
1282 599 1401 638 spem
1442 585 1534 636 glo-

118 658 206 700 riae
236 659 357 711 gerit,
400 658 472 714 qui
509 657 689 698 revelata
731 655 816 711 jam
856 656 964 696 facie
1002 658 1212 712 speculari
1239 675 1282 700 se
1313 660 1414 701 dicit
1442 662 1533 712 glo-

117 734 226 776 riam
256 734 436 777 Domini
467 744 505 774 et
536 750 559 774 a
590 731 723 784 gloria
759 732 805 773 in
850 733 1025 784 gloriam
1057 735 1440 790 t1=ansformari?⁴²)
1471 737 1532 778 vi-

118 812 184 861 de,
214 811 248 853 si
277 809 544 867 possimus⁵)
575 810 659 850 hoc
689 811 823 850 modo
854 810 1037 859 solvere,
1068 813 1185 865 quod
1216 811 1432 870 objectum
1463 825 1533 856 est.

117 887 391 929 Differentias
421 885 527 927 mihi
569 884 862 941 Apostolusss)
920 885 1082 927 videtur
1121 890 1341 929 ostendere
1378 890 1533 941 gloria-

118 981 238 1014 rum,
279 975 318 1005 et
346 963 472 1005 aliam
504 961 628 1003 fuisse
667 962 868 1013 gloriam,
909 979 1018 1017 quae
1063 963 1195 1005 Mosis
1214 964 1258 1019 ⁷)
1297 965 1530 1008 ministerio

114 1041 295 1081 revelata
326 1050 407 1089 est,
454 1040 507 1080 de
546 1055 629 1094 qua
667 1036 753 1095 jam
782 1038 828 1079 in
855 1038 1147 1094 superioribus
1178 1041 1374 1084 diximus:
1407 1043 1532 1084 aliam

113 1116 252 1166 fuisse,
297 1132 403 1172 quae
440 1116 487 1157 in
526 1116 709 1157 adventu
750 1114 908 1156 carnali
937 1115 1165 1158 salvatoris
1200 1118 1431 1161 ministrata
1461 1132 1532 1171 est,

117 1194 172 1233 de
213 1208 295 1247 qua
334 1192 436 1234 dicit
482 1204 521 1233 et
565 1192 755 1233 Joannes
793 1191 838 1232 in
876 1191 1128 1243 Evangelio:
1166 1194 1293 1249 „et8)
1349 1196 1531 1239 vidimus

118 1269 298 1320 gloriam
329 1267 428 1325 ejus,
460 1268 636 1320 gloriam
669 1280 870 1324 tanquam
905 1267 1120 1319 Unigeniti
1144 1286 1167 1311 a
1189 1270 1326 1320 Patre,
1355 1274 1530 1327 plenum

117 1344 274 1395 gratiae
304 1356 343 1385 et
371 1345 588 1387 veritatis.“
631 1345 701 1386 De
732 1361 813 1400 qua
845 1343 978 1396 gloria
1008 1362 1098 1386 non
1124 1363 1347 1401 possumus
1378 1348 1531 1398 dicere,

120 1421 239 1474 quod
268 1419 356 1476 ipsa
394 1422 462 1471 sit,
504 1421 671 1477 quae9)
708 1422 917 1477 speranda
955 1432 1034 1463 est:
1075 1446 1128 1452 —
1166 1423 1276 1463 hane
1316 1423 1427 1464 enim
1471 1424 1531 1465 vi-

119 1496 225 1538 disse
257 1497 403 1538 dieunt
434 1499 629 1553 Apostoli
659 1516 736 1540 -—:
777 1509 816 1538 et
841 1514 936 1539 vera
963 1510 1022 1540 est
1050 1499 1121 1539 illa
1151 1499 1376 1549 sententia,
1422 1517 1530 1556 quae

117 1572 236 1614 dicit:
267 1575 500 1629 „quod¹⁰)
532 1575 647 1616 enim
675 1576 787 1617 videt
817 1575 930 1630 quis,
961 1575 1063 1630 quid
1092 1575 1289 1630 spe1·at?“
1320 1577 1395 1617 Illa
1427 1593 1526 1618 vero

117 1649 264 1700 gloria,
305 1666 413 1705 quae
441 1653 650 1708 speranda
681 1664 751 1702 est,
777 1653 831 1693 de
861 1667 944 1706 qua
976 1651 1098 1692 etiam
1121 1651 1192 1705 ¹¹)
1235 1652 1279 1692 in
1318 1653 1528 1707 praesenti

114 1726 213 1767 loco
236 1725 337 1768 dicit
353 1728 583 1783 Apostolus
603 1727 776 1779 gloriari
797 1743 841 1770 se
859 1727 930 1782 ¹²)
945 1728 1017 1778 „in
1037 1727 1107 1783 13)
1130 1744 1203 1783 spe
1233 1728 1392 1779 gloriae
1410 1728 1530 1779 Deif‘

234 1920 276 1975 ¹)
310 1922 443 1964 Alias:
473 1934 545 1972 „ut
575 1928 814 1972 maneant‚“
845 1925 897 1965 al.
934 1935 1001 1974 „et
1029 1929 1239 1966 manent.“
1269 1923 1319 1964 R.

231 1991 277 2046 ²)
308 1991 346 2030 II
377 1990 477 2031 Cor.
508 1990 582 2040 Ill,
611 1993 675 2035 18.

232 2059 278 2114 ³)
308 2059 419 2100 Edd.
450 2060 646 2101 Merlini:
678 2063 974 2102 reformemur.

232 2127 278 2182 4)
308 2128 418 2169 Edd.
447 2129 642 2170 Merlini:
673 2130 907 2171 reformari.

233 2196 277 2253 ⁵)
308 2197 418 2239 Edd.
449 2199 643 2240 Merlini:
674 2215 911 2255 possumus.

229 2266 274 2322 ὃ)
304 2267 414 2308 Edd.
445 2267 639 2309 Merlini:
669 2269 833 2310 videtur
862 2266 1102 2323 Apostolus.

232 2335 276 2392 ⁷)
307 2337 410 2379 Msc.
442 2353 569 2378 unus:
603 2336 742 2386 „Mosi
771 2337 815 2379 in
844 2336 1114 2378 ministe1·io,“
1147 2336 1195 2377 R.

233 2406 280 2459 8)
310 2406 384 2446 Εν.
414 2408 571 2448 Joann.
601 2407 633 2456 I,
664 2408 730 2449 14

230 2475 275 2531 ⁹)
303 2476 417 2518 Editi
447 2478 506 2532 (v.
538 2494 571 2519 c.
614 2478 709 2518 edd.
740 2475 848 2531 M.):
889 2491 1025 2531 „quae
1062 2488 1265 2531 speratur.
1321 2478 1395 2518 Illa
1428 2495 1525 2520 vero

118 2531 263 2580 gloria,
294 2549 402 2587 quae
430 2536 638 2589 speranda
669 2538 751 2575 est“
782 2545 872 2583 etc.²
903 2532 1063 2574 omissis
1091 2533 1360 2576 intermediis.
1395 2534 1442 2575 R.

210 2601 279 2653 ¹⁰)
308 2601 435 2643 Rom.
466 2604 579 2653 VIII,
603 2603 670 2645 24.

206 2669 276 2724 ¹¹)
306 2671 416 2713 Edd.
446 2672 645 2715 Merlini:
673 2672 773 2730 jam.

209 2738 279 2791 ¹²)
309 2739 436 2782 Deest
466 2743 509 2783 in
543 2742 660 2784 editis
689 2743 748 2798 (v.
781 2759 815 2783 c.
845 2742 888 2782 in
922 2743 1017 2783 edd.
1049 2740 1131 2795 M.)
1162 2746 1268 2791 „se,“
1301 2741 1348 2781 R.

209 2807 278 2860 ¹³)
309 2808 431 2850 Rom.
460 2811 510 2861 V,
539 2813 575 2853 2.
609 2812 703 2853 coll.
734 2826 826 2866 pag.
855 2812 952 2856 290.
981 2822 1068 2853 not.
1097 2811 1137 2854 8.

1176 2885 1273 2929 19*
