1788 3111
232 111 322 156 246
574 109 800 152 Omomus
829 121 877 153 m
904 108 986 153 ΕΡ.
1016 121 1077 153 An
1110 110 1337 156 RomAnos

239 235 299 266 est
326 220 421 265 fieri
451 221 575 264 etIam
606 222 729 280 pater
758 240 923 275 eorum,
954 224 1026 280 qui
1057 223 1102 266 in
1134 223 1458 269 circumcisione
1485 244 1669 271 nascun-

239 313 328 342 tur:
358 300 392 342 si
422 311 564 342 tamen
597 303 651 343 ad
681 302 797 342 illam
831 302 963 343 fidem
992 302 1247 358 pertineant,
1277 304 1453 358 quaein
1482 321 1670 362 praepu-

238 377 299 420 tio
329 377 517 434 positum
556 376 804 436 justificavit.
863 377 919 420 Et
957 377 1166 434 quoniam
1205 378 1252 420 in
1288 381 1517 436 praeputio
1552 382 1670 439 posi-

239 466 331 495 tum
380 452 620 512 justificavit
657 455 899 507 Abraham,
955 456 1136 497 efficitur
1185 472 1284 508 ergo
1333 457 1554 514 utriusque
1596 475 1668 511 ge-

239 530 353 573 neris
399 543 546 587 pater,
590 532 675 581 his,
737 532 810 588 qui
855 544 953 574 sunt
994 533 1041 574 in
1085 533 1336 590 praeputio,
1383 550 1463 590 per
1515 535 1669 584 fidem,

240 620 281 650 et
328 608 412 659 his,
459 609 533 664 qui
579 620 678 650 sunt
720 609 764 650 in
797 608 1135 661 circumcisione,
1168 627 1248 667 per
1279 627 1471 655 carnem:
1506 622 1546 652 et
1573 623 1673 667 post

239 685 609 727 circumcisionem
650 698 821 738 generat
863 687 1008 743 primo
1048 687 1189 738 Isaac,
1218 699 1345 743 atque
1386 688 1562 744 abipso
1596 706 1672 730 au—

236 762 426 819 spicatur
456 764 662 814 ogdoadis
692 763 872 814 initium,
901 763 946 806 id
979 776 1049 815 est,
1081 765 1218 806 octavi
1249 764 1331 806 diei
1362 765 1407 806 in
1435 765 1530 821 ipso
1564 782 1671 807 con-

237 851 458 882 secrantur
497 840 637 896 prima
680 841 899 899 mysteria,
966 853 1006 883 et
1050 842 1201 884 exinde
1248 843 1399 899 incipit
1446 843 1672 898 posteritas

239 916 477 958 Abrahami
522 917 683 972 duplici
725 934 896 959 currere
935 932 1214 961 sacramento.
1273 919 1392 961 Sicut
1421 921 1534 961 enim
1566 920 1671 962 fides

237 1004 390 1035 natura
418 992 484 1035 sui
513 993 631 1034 aliud
662 1009 749 1036 esse
779 994 1047 1047 intelligitur,
1078 1007 1118 1038 et
1148 997 1265 1038 aliud
1294 995 1462 1054 justitia,
1492 1013 1602 1052 quae
1633 996 1672 1038 ei

236 1085 317 1124 per
346 1070 475 1111 fidem
507 1082 698 1126 reputata
730 1083 810 1114 est:
839 1072 897 1113 ita
929 1084 968 1114 et
997 1073 1078 1114 alia
1109 1071 1197 1130 ejus
1223 1089 1309 1115 esse
1349 1072 1393 1114 in
1430 1073 1673 1129 praeputio,

238 1146 320 1188 alia
348 1147 393 1188 in
425 1148 749 1190 circumcisione
776 1149 1011 1204 posteritas.
1067 1149 1179 1190 Nan]
1212 1166 1309 1199 eos,
1338 1150 1411 1205 qui
1438 1150 1672 1192 incircum-

239 1223 310 1264 cisi
339 1235 456 1273 sunt,
490 1224 606 1281 ipsos
638 1241 724 1267 esse
762 1225 925 1281 lapides
955 1237 1087 1281 puto,
1130 1227 1184 1267 de
1226 1227 1380 1281 quibus
1410 1243 1534 1282 posse
1566 1227 1671 1268 dici-

236 1311 306 1341 tur
325 1300 368 1356 ¹)
399 1301 517 1342 Deus
546 1302 747 1345 suscitare
777 1303 889 1345 filios
920 1303 1198 1354 Abralmmo,
1229 1303 1274 1344 in
1307 1304 1462 1359 quibus
1493 1316 1534 1345 et
1561 1304 1672 1346 illud

238 1379 504 1434 completur,
543 1382 662 1435 quod
693 1381 899 1436 scriptum
931 1391 1008 1422 est:
1050 1379 1176 1435 „quia
1192 1380 1238 1434 ²)
1274 1380 1586 1422 benedicentur
1624 1382 1670 1423 in

235 1465 278 1496 te
318 1472 467 1498 omnes
501 1457 636 1499 tribus
686 1462 861 1500 terrae.“
928 1458 1016 1499 Sed
1054 1469 1297 1513 repetamus
1334 1457 1501 1507 adhuc,
1549 1460 1670 1514 quod

237 1532 361 1574 dicit:
392 1532 517 1589 ‚‚et³)
544 1534 712 1586 signum
743 1535 911 1591 accepit
951 1533 1363 1590 circumcisionis‚⁴)
1403 1535 1667 1586 signaculum

234 1607 417 1666 justitiae
445 1610 570 1662 fidei,
609 1628 718 1667 quae
756 1624 815 1655 est
851 1613 895 1654 in
924 1612 1152 1668 praeputio
1167 1617 1202 1653 :“
1246 1628 1294 1652 ac
1322 1613 1588 1667 profundam
1620 1613 1667 1654 in

234 1685 300 1727 his
328 1687 453 1729 Pauli
487 1688 737 1743 sapientiam
781 1690 1138 1745 contemplemur.
1207 1689 1414 1730 Fortassis
1445 1689 1559 1730 enim
1592 1692 1668 1733 ali-

235 1763 390 1819 quibus
422 1766 606 1806 eundem
635 1782 878 1807 sermonem
915 1768 1106 1807 secundo
1148 1766 1297 1812 dicere,
1318 1767 1532 1817 videatur,
1559 1767 1602 1809 id
1622 1767 1668 1824 ⁵)

236 1850 296 1881 est
323 1840 553 1893 „signum‚“
590 1853 630 1883 et
657 1842 988 1894 „signaculum.“
1046 1843 1130 1885 Sed
1172 1843 1279 1884 mihi
1318 1855 1495 1899 uterque
1523 1860 1664 1887 sermo

233 1918 414 1959 multam
453 1918 564 1959 inter
601 1935 646 1960 se
698 1918 863 1961 videtur
907 1919 1067 1962 habere
1108 1919 1406 1962 differentiam.
1483 1920 1665 1972 Signum

234 2010 424 2051 namque
454 1995 621 2047 dicitur,
653 2012 749 2037 cum
781 2013 859 2053 per
884 1998 982 2048 hoc,
1013 2000 1133 2054 quod
1155 1997 1335 2047 videtur,
1366 1997 1482 2038 aliud
1504 1998 1666 2054 aliquid

232 2071 468 2113 indicatur:
496 2072 604 2113 sicut
638 2090 736 2114 cum
766 2075 885 2116 verbi
916 2075 1046 2128 gratia
1086 2074 1187 2116 dicit
1216 2074 1435 2115 Dominus
1464 2074 1509 2116 in
1539 2091 1667 2116 evan-

232 2148 366 2200 gelio:
395 2148 635 2201 „generatio
653 2148 698 2206 6)
737 2150 841 2192 hacc
884 2153 1050 2204 signum
1083 2152 1265 2208 quaerit:
1308 2162 1349 2193 et
1376 2151 1543 2204 signum
1572 2169 1664 2194 non

233 2224 407 2267 dabitur
435 2225 488 2277 ei,
516 2226 596 2269 nisi
623 2228 791 2280 signum
820 2229 962 2272 Jonae
991 2230 1242 2287 prophetae.
1291 2228 1412 2271 Sicut
1440 2229 1553 2272 enim
1583 2229 1664 2271 fuit

349 2397 393 2453 ¹)
423 2398 573 2440 Matth.
602 2399 676 2450 III,
705 2401 744 2444 9.
938 2402 984 2457 2)
1018 2401 1170 2445 Genes.
1200 2403 1297 2453 XII,
1326 2405 1367 2447 3.

346 2469 394 2525 3)
425 2470 552 2513 Rom.
581 2471 654 2519 IV,
685 2474 752 2515 11.

347 2537 393 2597 α)
424 2539 504 2582 Ed.
531 2539 582 2582 R.
613 2540 704 2582 sola
734 2540 779 2581 in
808 2551 934 2581 textu:
973 2541 1369 2590 „circumcisionem
1383 2546 1418 2592 ,“
1449 2541 1493 2583 in
1525 2543 1659 2583 notis:

231 2595 359 2646 „alias
394 2597 454 2652 (v.
497 2613 532 2639 c.
570 2596 616 2638 in
658 2597 752 2637 edd.
794 2596 900 2651 M.):
949 2599 1354 2640 circumcisionis.“
1392 2621 1446 2630 —-
1488 2597 1576 2639 Cha
1617 2616 1659 2655 p.

231 2654 330 2696 243.
359 2664 448 2695 not.
479 2653 525 2696 4.

348 2722 393 2777 ⁵)
422 2723 539 2766 Editi
588 2723 650 2779 (v.
699 2739 731 2764 c.
785 2723 879 2764 edd.
919 2722 1025 2778 Μ.);
1076 2723 1173 2780 „id
1214 2737 1306 2779 est,
1350 2725 1656 2784 signaculum,

233 2778 395 2822 omissis
425 2780 583 2822 verbis:
615 2780 813 2837 signum,
846 2783 941 2820 et.“
975 2782 1021 2822 R.

349 2847 396 2905 ⁶)
427 2849 580 2892 Mani..
609 2849 708 2901 ΧΗ,
735 2849 804 2894 39.
835 2850 903 2894 4ο.

1765 0 1788 395 {l

1771 420 1784 782 l

1781 1213 1788 1364 ³
