1788 3111
513 121 955 165 COMMENrAmonum
985 121 1076 163 Lm.
1109 121 1139 164 Ι.
1478 121 1534 166 65

115 231 352 289 juscemodi
396 232 582 277 animam
624 234 868 276 derelictam
909 250 993 276 esse
1035 251 1060 277 a
1097 233 1196 275 Deo
1245 243 1286 274 et
1322 232 1533 276 traditam,

112 310 264 365 Neque
293 309 406 352 enim
436 311 639 366 possibile
668 322 727 353 est
757 327 855 352 cum
890 310 954 352 his
983 311 1104 353 malis
1133 309 1422 352 habitaculum
1446 326 1531 353 esse

113 386 234 437 Deo,
272 399 343 429 aut
379 388 484 429 haec
523 388 635 429 mala
665 387 766 428 inde
803 388 1063 443 procedere,
1103 387 1179 429 ubi
1209 387 1373 429 habitat
1399 387 1531 429 Deus.

110 464 272 505 Verum
305 464 402 520 quia
431 464 475 504 in
505 463 569 504 his
598 463 734 505 tribus
763 464 978 506 universas
996 463 1222 520 impietatis
1242 464 1398 520 species
1424 481 1529 506 enu-

109 557 291 582 merasse
320 541 486 582 videtur
517 542 770 596 Apostolus,
809 542 875 583 vel
906 558 1079 592 eorum,
1119 540 1192 598 qui
1220 541 1338 583 idola
1369 542 1530 593 colunt,

110 618 175 658 vel
208 634 377 668 eorum,
417 617 489 673 qui
520 629 736 660 creaturae
767 619 1007 660 deserviunt
1033 618 1198 675 potius,
1238 635 1365 674 quam
1398 618 1528 660 Crea-

110 693 214 744 tori,
254 695 328 735 sed
359 706 399 735 et
437 710 609 745 eorum,
652 694 725 751 qui
753 712 844 737 non
874 697 1166 752 probaverunt
1195 696 1341 736 Deum
1370 696 1530 737 habere

108 771 153 812 in
182 770 353 812 notitia:
375 771 417 827 1)
456 771 499 812 in
540 788 724 828 quorum
763 771 905 828 primo
935 772 1060 813 titulo
1091 771 1334 828 promiscue
1363 773 1529 829 pagani,

106 848 151 889 in
189 848 273 889 alio
312 848 519 904 sapientes
550 865 700 891 eorum
733 861 773 890 et
808 848 1056 906 philosophi
1087 849 1377 903 designantur:
1418 863 1526 907 puto

108 927 227 982 quod
246 926 291 967 in
308 927 391 967 hoc
411 926 535 968 tertio
554 926 798 968 indicentur
815 926 1025 976 haeretici,
1047 927 1112 968 vel
1135 940 1368 969 creatorem
1381 928 1526 969 Deum

105 1014 316 1056 negantes,
345 1003 411 1044 vel
443 1003 623 1045 diversas
653 1003 935 1060 blasphemias
965 1003 1011 1045 in
1031 1004 1258 1046 Excelsum
1288 1006 1526 1061 loquentes.

105 1080 296 1135 Igitur²)
326 1080 359 1121 si
388 1079 540 1134 singuli
570 1080 727 1137 quique
758 1082 935 1132 horum,
978 1098 1084 1137 quos
1113 1099 1240 1138 supra
1272 1083 1450 1124 diximus
1481 1083 1526 1125 in

104 1158 222 1198 cultu
254 1156 479 1199 divinitatis
510 1174 673 1208 errare,
714 1157 867 1200 talibus
896 1159 1111 1200 malorum
1139 1159 1272 1201 titulis
1302 1160 1525 1214 designan-

103 1247 194 1286 tur,
224 1252 304 1277 nos
336 1235 409 1291 qui
439 1234 632 1276 videmur
659 1234 763 1289 in3)
794 1234 966 1276 ecclesia
997 1252 1105 1287 esse,
1136 1248 1177 1277 et
1204 1238 1336 1280 fidem
1365 1251 1523 1281 rectam

102 1324 266 1362 tenere,
305 1311 622 1353 consideremus
651 1324 823 1354 nosmet
850 1312 985 1368 ipsos,
1027 1325 1067 1354 et
1108 1314 1226 1355 omni
1265 1315 1521 1373 circumspe-

104 1389 245 1430 ctione
274 1405 513 1445 pensemus,
543 1405 599 1429 ne
628 1389 740 1429 forte
769 1389 863 1430 solo
896 1390 948 1429 ab
981 1389 1042 1430 his
1073 1391 1159 1431 veri
1181 1392 1316 1433 cultus
1345 1393 1523 1435 nomine

101 1464 300 1522 separati,
339 1466 466 1506 rebus
503 1464 554 1506 iis
596 1476 723 1520 atque
762 1465 924 1507 actibus
961 1465 1182 1507 sociemur.
1244 1469 1420 1511 Certum
1461 1483 1522 1512 est

103 1542 229 1593 enim,
263 1541 360 1597 quia
377 1540 421 1596 ⁴)
454 1540 539 1597 qui,
569 1540 687 1582 verbi
717 1558 851 1591 causa,
882 1543 1066 1598 repletus
1087 1555 1147 1585 est
1165 1542 1399 1600 iniquitate,
1427 1562 1519 1587 ma-

98 1619 209 1670 litia,
247 1617 456 1674 nequitia,
498 1617 691 1668 avaritia,
730 1635 820 1659 non
860 1619 1057 1674 probavit
1093 1620 1238 1661 Deum
1277 1623 1435 1664 habere
1473 1624 1519 1664 in

98 1695 324 1751 notitia,⁵>
357 1707 397 1736 et
423 1706 482 1736 est
502 1695 556 1735 de
584 1711 766 1735 numero
799 1711 961 1746 eorum,
994 1713 1101 1752 quos
1130 1697 1305 1738 tradidit
1324 1699 1443 1740 Deus
1473 1699 1518 1740 in

97 1774 332 1829 reprobum
365 1785 546 1813 sensum.
604 1772 662 1813 Et
690 1771 844 1813 iterum
876 1789 1060 1829 quorum
1097 1773 1282 1815 feminae
1309 1776 1375 1816 vel
1405 1793 1517 1818 mas-

96 1851 201 1900 culi,
232 1849 379 1890 relicto
409 1849 592 1890 naturali
623 1866 724 1898 usu,
756 1851 1049 1892 accenduntur
1071 1850 1116 1891 in
1144 1867 1243 1892 eum
1271 1869 1409 1903 usum,
1441 1854 1515 1909 qui

97 1939 247 1969 contra
275 1938 471 1967 naturam
511 1937 590 1976 est,
633 1939 795 1969 certum
829 1939 890 1968 est
920 1926 1017 1982 quia
1049 1944 1097 1968 ex
1126 1927 1302 1969 illorum
1331 1946 1515 1972 numero

94 2015 214 2054 sunt,
254 2004 327 2060 qui
365 2005 552 2045 serviunt
589 2015 805 2045 creaturae
844 2004 1010 2059 potius,
1051 2021 1179 2060 quam
1220 2005 1436 2058 Creatori,
1475 2019 1516 2048 ct

96 2097 203 2136 quos
232 2080 407 2121 tradidit
435 2080 554 2122 Deus
585 2080 629 2121 in
658 2081 873 2136 passiones
903 2080 1172 2134 ignominiae.
1231 2083 1318 2124 Sed
1334 2083 1380 2139 6)
1412 2095 1453 2125 et
1482 2084 1516 2126 si

213 2205 257 2260 ¹)
290 2204 375 2247 Cfr.
407 2221 498 2260 pag.
528 2204 593 2248 63.
624 2216 713 2245 not.
744 2207 783 2248 2.

208 2277 255 2328 2)
286 2273 402 2315 Editi
433 2274 491 2330 (e.
525 2291 558 2316 c.
591 2275 685 2315 edd.
716 2275 824 2331 Μ),
864 2287 904 2317 et
933 2275 1038 2320 Msc.
1068 2294 1199 2319 unus:
1239 2278 1398 2332 „Igitur
1426 2280 1510 2322 sin-

92 2330 204 2384 guli“
235 2342 309 2371 etc.
341 2332 391 2371 R.

205 2400 252 2456 3)
282 2400 399 2498 ERditi
430 2400 488 2458 (e.
520 2417 555 2444 c.
586 2402 682 2448 edd.
713 2401 823 2457 Μ.);
864 2402 944 2454 „in
983 2403 1155 2446 ecclesia
1191 2404 1321 2446 fidem
1352 2418 1510 2449 rectam

92 2463 273 2498 tencre.“
338 2489 354 2498 ,.

207 2526 253 2582 4)
285 2526 354 2568 Sic
386 2527 488 2568 Mss.
521 2539 561 2568 et
589 2527 804 2569 Rabanus.
863 2528 980 2569 Editi
1008 2546 1109 2571 vero
1140 2530 1201 2586 (e.
1224 2546 1258 2571 e.
1285 2531 1381 2572 edd.
1398 2531 1509 2586 M.):

91 2583 235 2680 ἕὲοῑιίεἰὲ
261 2583 380 2624 verbi
411 2600 557 2634 causa,
588 2584 773 2639 repletus
803 2583 1025 2640 iniquitate
1048 2611 1123 2636 —,
1152 2602 1243 2626 non
1273 2588 1509 2642 probatur“

207 2707 250 2763 ⁵)
285 2707 373 2750 Cfr.
402 2726 444 2764 p.
473 2709 542 2752 63.
572 2721 661 2750 not.
689 2710 730 2751 2.

206 2776 252 2831 ⁶)
281 2778 344 2818 Ita
374 2778 481 2819 Msc.
512 2779 614 2832 Reg.
654 2795 772 2820 num.
804 2779 924 2822 1639.
983 2778 1188 2822 Similiter
1225 2791 1266 2821 et
1294 2781 1508 2832 Rabanus,

89 2832 168 2874 nisi
199 2834 319 2888 quod
358 2834 544 2875 omittat:
584 2834 655 2885 „in
696 2835 1016 2879 similitudinem
1054 2835 1245 2888 imaginis
1284 2838 1508 2880 hominis.“

89 2909 310 2952 Onmnms
341 2908 511 2953 OPERA.
553 2910 672 2955 TOM.
702 2912 773 2955 VI.
1149 2915 1178 2957 5
