1788 3111
525 102 965 145 Communi-antonum
993 100 1085 142 Lm.
1116 101 1166 143 V.
1468 99 1553 143 329

138 220 205 262 cui
229 219 408 269 mundo,
439 218 522 259 hoc
550 227 621 266 cst,
648 227 839 256 terrenae
868 213 988 263 vitae,
1022 211 1242 254 crucifixos
1261 211 1304 267 1)
1331 227 1375 254 se
1405 211 1554 253 dicunt

135 296 281 345 sancti,
312 306 351 337 et
378 307 584 336 mortuos.
641 289 779 347 „Et²)
810 306 888 346 per
915 300 1166 346 peccatum,
1199 288 1354 344 inquit,
1384 305 1500 331 mors
1516 293 1552 330 :¹⁶

135 372 207 414 illa
236 371 325 414 sine
356 371 488 413 dubio
520 385 655 418 mors,
687 369 740 409 de
772 383 854 421 qua
887 377 926 406 et
955 365 1164 422 propheta
1199 366 1320 415 dicit,
1352 365 1447 421 quIa
1480 381 1551 415 „a-

134 448 325 504 nima,³)
351 464 458 502 quae
488 457 658 502 peccat,
695 444 784 499 ipsa
814 442 1075 484 morietur:“
1115 440 1232 499 cujus
1262 442 1410 484 mortis
1439 443 1551 482 hanc

137 524 407 580 corporalem
436 534 618 563 mortem
648 522 845 561 umbram
883 521 1034 562 merito
1077 521 1167 576 quis
1207 519 1364 560 dixerit.
1425 519 1551 572 Quo-

137 617 304 656 cunque
327 601 439 641 enim
456 599 528 639 illa
556 596 779 645 incesserit,
810 597 920 639 hanc
949 613 1117 639 necesse
1138 609 1195 638 est
1221 596 1434 651 subsequi,
1464 596 1550 636 vel-

133 688 182 717 ut
217 678 413 718 umbram
446 691 613 730 corpus.
675 674 807 729 Quod
858 675 891 716 si
923 673 1098 729 objiciat
1129 674 1240 729 quis,
1272 674 1369 728 quia
1403 673 1549 714 Salva-

132 764 202 794 tor
231 765 455 810 peccatum
491 769 582 793 non
623 750 796 807 fecir‚4)
834 767 914 792 nec
951 767 1068 792 mors
1112 749 1156 790 in
1189 767 1239 791 eo
1273 749 1353 791 fuit
1383 749 1550 790 animae

132 846 210 885 per
253 840 498 885 peccatum,
531 840 570 869 et
609 840 752 869 tamen
792 838 977 868 mortem
1020 826 1216 869 sustinuit
1253 828 1547 882 corporalem:

131 905 484 961 respondebimus
527 905 584 955 ei,
629 904 727 960 quia
771 904 989 953 Salvator,
1033 904 1141 945 sicut
1185 921 1282 945 cum
1319 903 1409 960 ipse
1447 919 1549 960 pec-

132 994 270 1025 catum
324 1000 417 1023 non
469 981 695 1037 fecerit,⁵)
765 998 846 1038 pro
898 993 1043 1022 nostra
1087 993 1230 1022 tamen
1289 982 1422 1022 salute
1471 997 1550 1037 per

129 1059 432 1102 assumtionem
472 1059 607 1100 carnis
657 1059 750 1115 ipse
795 1058 948 1100 dicitur
991 1059 1124 1099 sactus
1174 1073 1259 1099 esse
1300 1069 1548 1113 peccatum:

128 1136 186 1178 ita
235 1149 277 1178 et
321 1153 418 1177 cum
467 1147 651 1177 mortem
690 1136 810 1178 istam
846 1135 954 1177 nulli
1000 1136 1194 1184 deberet,
1236 1150 1316 1175 nec
1362 1134 1400 1175 ei
1448 1146 1551 1176 esset

131 1213 365 1263 obnoxius,
423 1230 505 1269 pro
555 1214 688 1255 salute
737 1225 880 1254 tamen
935 1225 1079 1255 nostra
1133 1213 1244 1252 hanc
1297 1212 1410 1252 velut
1452 1229 1548 1252 um-

128 1292 250 1331 bram
300 1290 410 1330 illius
449 1301 667 1346 susceptae
708 1290 1053 1345 dispensationis,
1101 1305 1228 1345 quam
1271 1305 1399 1343 supra
1443 1288 1549 1329 ‹lixi-

128 1383 248 1416 mus,
292 1379 466 1422 sponte,
514 1383 605 1407 non
644 1367 886 1409 necessitate
921 1366 1126 1422 suscepit,
1170 1365 1394 1421 sicutipse
1425 1365 1546 1407 dixit:

127 1455 405 1499 „potestatem
422 1443 467 1499 6)
498 1444 637 1486 habeo
669 1444 861 1500 ponendi
893 1443 1079 1485 animam
1109 1459 1263 1493 meam,
1295 1454 1333 1483 et
1361 1454 1548 1498 potcsta-

125 1531 210 1561 tem
241 1519 380 1560 habeo
418 1519 570 1561 iterum
612 1521 807 1562 sumendi
849 1525 980 1562 eam.“
1037 1519 1124 1560 Sed
1154 1519 1397 1569 videamus,
1438 1536 1546 1574 quo-

125 1598 262 1638 modo
292 1597 424 1653 „in⁷)
455 1614 601 1640 omnes
632 1598 827 1640 homines
866 1597 1108 1653 pertransiit
1137 1601 1295 1639 mors.“
1351 1595 1428 1646 „ln
1458 1612 1544 1651 quo

127 1689 289 1724 omnes,
319 1674 467 1730 inquit,
494 1680 812 1730 peccaverunt,“
871 1675 1082 1716 Absoluta
1119 1673 1323 1716 sententia
1351 1690 1547 1729 pronun-

122 1751 238 1793 tiavit
266 1752 520 1807 Apostolus,
563 1751 607 1793 in
655 1768 802 1794 omnes
840 1751 1036 1793 homines
1064 1745 1248 1792 mortem
1278 1751 1548 1806 pertransisse

122 1828 307 1884 peccati,
373 1828 418 1869 in
458 1845 534 1879 co,
600 1828 644 1870 in
685 1845 771 1884 quo
814 1845 962 1870 omnes
1001 1840 1307 1884 peccaverunt,
1359 1827 1467 1868 sicut
1506 1839 1547 1868 ct

124 1906 246 1947 alibi:
287 1905 522 1960 „omnes³)
564 1907 698 1956 enim,
735 1905 953 1961 inquit,9)
990 1917 1293 1961 peccaverunt,
1345 1916 1384 1945 et
1424 1914 1546 1955 egent

100 1982 346 2037 'gloria¹⁰)
375 1983 496 2024 Dei.“
561 1982 618 2023 Et
645 1983 744 2024 ideo
778 1983 903 2024 etiam
931 1983 966 2024 si
996 1984 1105 2024 Abel
1134 1983 1255 2023 illum
1284 1981 1440 2038 justum
1479 1980 1544 2022 di-

122 2059 243 2109 xeris,
269 2076 361 2101 non
391 2070 531 2115 potest
558 2059 764 2101 excusari:
795 2075 969 2111 „omnes
992 2059 1061 2114 Η)
1093 2059 1205 2100 enim
1224 2060 1543 2114 peccaverunt.“

240 2235 285 2290 1)
320 2233 409 2275 cfr.
443 2233 578 2276 Galat.
608 2234 681 2283 vl,
713 2235 779 2279 14.
899 2233 945 2289 2)
976 2220 1181 2283 ssoquu
1213 2234 1277 2275 12.

236 2303 284 2359 3)
313 2305 466 2346 Ezech.
495 2303 655 2354 XVIII,
681 2304 722 2346 4.
840 2303 886 2360 4)
923 2303 1009 2345 Cfr.
1040 2303 1165 2345 Jesai.
1196 2303 1303 2353 LIII,
1332 2303 1370 2345 9.
1431 2315 1446 2318 '

237 2374 283 2429 ⁵)
312 2374 353 2414 II
385 2374 485 2417 Cor.
522 2376 572 2425 V,
601 2376 667 2419 21.
786 2374 832 2429 6)
861 2374 936 2415 Ev.
967 2375 1123 2415 Joann.
1155 2374 1210 2422 X,
1241 2374 1306 2417 18.

238 2443 283 2499 7)
315 2444 440 2487 Rom.
486 2445 538 2494 V,
588 2446 652 2488 12.
694 2469 745 2476 —
785 2444 867 2486 Ed.
905 2444 966 2484 M.
998 2445 1054 2493 l.,
1093 2444 1236 2500 itemq.
1280 2445 1343 2485 ed,
1383 2443 1538 2485 Ruaei:

120 2501 385 2555 „pertransiit
411 2519 540 2550 mors,
568 2502 613 2542 in
644 2518 730 2557 quo
763 2505 935 2543 omncs“
965 2512 1040 2541 ctc.

234 2570 281 2626 8)
313 2571 437 2613 Rom.
466 2573 540 2622 Ill,
570 2573 636 2615 23.

235 2641 281 2696 9)
310 2642 440 2684 Deest
467 2642 656 2698 „inquit“
685 2641 727 2683 in
761 2644 854 2686 cdd.
885 2641 1069 2683 Merlini.

121 2711 430 2810 WhsswssEditi
467 2714 524 2768 (v.
564 2729 598 2753 c.
643 2714 737 2756 edd.
767 2712 874 2767 M),
905 2724 944 2753 et
973 2712 1070 2754 Mss.
1101 2712 1311 2768 plerique:
1345 2710 1538 2763 „gn-atia.“

213 2838 285 2893 ¹¹>
317 2837 441 2880 Rom.
474 2839 550 2890 111,
573 2840 639 2883 23.
751 2813 755 2815 ’
