1788 3111
492 109 935 152 Commnnnmonnm
964 105 1056 147 Lm.
1080 105 1156 148 IV.
1445 107 1531 151 249

119 224 267 280 utique
298 220 528 264 Abrahami
556 219 787 262 faceretis.“
840 217 916 260 Vis
941 229 1079 259 autem
1109 229 1149 258 et
1181 233 1228 259 cx
1247 217 1392 260 Veteri
1417 218 1532 261 Scri-

121 313 245 358 ptura
284 298 531 356 perdoceri,
583 298 698 353 quod
745 295 856 336 filius
899 294 991 351 quis
1039 294 1193 335 dicitur
1238 312 1329 336 non
1366 307 1533 337 tantum

124 377 234 435 ejus,
279 378 333 418 de
374 375 492 434 cujus
523 372 704 415 naturali
743 372 903 414 semine
941 372 1167 422 descendit,
1197 373 1271 413 sed
1302 373 1399 427 α’)
1430 371 1533 430 ejus,

125 455 306 512 eujus2)
335 466 449 495 actus
478 451 667 493 imitatur
697 461 736 490 et
766 449 924 505 opera?
959 450 1073 490 Audi
1101 449 1258 490 Daniel
1290 450 1392 506 quid
1424 449 1536 491 dicat

125 534 179 572 ad
210 549 343 572 unum
384 547 430 570 ex
461 528 541 570 illis
571 526 825 577 senioribus,
871 543 977 582 quos
1016 526 1150 579 arguit
1188 527 1404 568 adulterii:
1443 544 1533 578 „sc-

123 608 296 663 meust)
326 605 473 662 inquit,
508 605 729 654 chanaan,
762 615 802 644 et
829 621 919 645 non
950 605 1075 654 Juda,
1105 603 1261 660 species
1291 603 1454 644 seduxit
1482 616 1536 654 te,

125 697 165 726 et
198 681 534 739 concupiscentia
565 680 710 722 evertit
736 697 810 721 cor
837 687 998 722 tuum.“
1040 681 1170 722 Vides
1201 698 1310 729 eum,
1344 680 1415 735 qui
1446 697 1536 721 car-

123 762 277 803 naliter
315 762 367 802 de
407 776 559 813 genere
596 759 709 800 Juda
751 758 1042 809 descenderat,
1094 759 1238 812 negari
1275 758 1411 798 filium
1452 774 1539 799 esse

123 839 251 888 Juda,
281 838 354 879 sed
387 837 600 885 chanaan,
631 834 718 892 ejus
748 833 917 885 scilicet,
948 833 1067 891 cujus
1096 848 1212 877 actus
1243 848 1284 877 et
1313 852 1441 892 opera
1473 852 1538 877 se-

126 917 347 971 quebatur.
401 915 464 955 Ita
498 929 597 966 ergo
631 911 741 961 ethi,
775 911 847 966 qui
867 913 918 952 de
942 912 1171 953 Abrahami
1201 912 1358 953 semine
1387 929 1538 954 secun-

126 993 230 1032 dum
260 1007 430 1033 carnem
460 1007 590 1043 genus
624 991 806 1038 ducunt,
839 1006 929 1030 non
961 989 1159 1030 dicuntur
1187 989 1263 1030 filii
1294 989 1539 1040 Abrahami,

125 1068 159 1111 si
191 1067 279 1126 ejus
308 1086 399 1110 non
430 1069 589 1109 habent
624 1068 766 1108 fidem.
826 1065 896 1108 Sic
937 1065 1120 1122 denique
1158 1079 1198 1108 et
1235 1069 1444 1124 propheta
1474 1067 1539 1108 di-

125 1144 181 1186 cit
223 1147 277 1187 ad
322 1162 413 1186 eos:
461 1157 608 1201 „pater
623 1144 668 1200 4)
714 1157 813 1185 tuus
860 1144 1172 1194 Amorrhaeus,
1226 1156 1267 1185 et
1305 1156 1441 1186 mater
1469 1156 1542 1185 tua

129 1220 432 1277 Chiuhaeaz⁵>
475 1221 626 1277 quibus
667 1220 814 1276 utique
851 1237 940 1261 non
973 1237 1043 1261 eos
1073 1221 1336 1263 necessitudo
1368 1221 1542 1274 generis,

129 1300 202 1339 sed
232 1316 401 1339 morum
433 1298 664 1340 similitudo
710 1296 922 1355 jungebat.
993 1296 1140 1353 ,‚Ut⁶)
1181 1311 1284 1340 esset
1324 1314 1445 1352 ergo,
1475 1299 1541 1340 in·-

129 1374 231 1430 quit,
261 1388 381 1430 pater
411 1375 602 1416 omnium
633 1375 895 1415 credentium
925 1391 1003 1430 per
1026 1375 1308 1431 praeputium,
1338 1388 1386 1417 ut
1415 1393 1542 1432 repu-

127 1462 242 1492 tetur
273 1451 370 1508 et7)
400 1452 481 1493 illis
499 1452 545 1509 ⁸)
575 1453 629 1493 ad
659 1451 871 1510 justitiam,
905 1465 944 1493 et
973 1452 1082 1507 sit9)
1110 1465 1231 1508 pater
1260 1452 1544 1494 circumcisio-

127 1528 205 1578 nis,
235 1545 325 1569 non
355 1529 418 1570 his
448 1541 625 1579 tantum,
658 1528 729 1584 qui
759 1542 857 1570 sunt
889 1546 934 1570 ex
958 1529 1288 1579 circumcisione,
1318 1531 1392 1571 sed
1425 1543 1464 1571 et
1493 1530 1546 1571 il-

127 1604 190 1654 lis,
223 1605 295 1660 qui
325 1618 560 1661 sequuntur
588 1605 753 1658 vestigia
785 1605 896 1663 ejus,
929 1623 1036 1662 quae
1066 1618 1127 1647 est
1154 1606 1198 1646 in
1227 1606 1464 1662 praeputio,
1496 1608 1547 1647 fi-

130 1681 199 1722 dei
227 1682 357 1738 patris
396 1682 531 1724 nostri
571 1683 842 1724 Abrahami.“
896 1683 946 1722 In
989 1699 1074 1738 quo
1107 1683 1321 1724 evidenter
1350 1700 1398 1725 ex
1426 1696 1546 1726 utro—

131 1775 214 1813 que
244 1760 431 1814 populo,
462 1759 570 1800 sicut
597 1759 788 1815 superius
828 1759 1027 1810 diximus,
1055 1761 1304 1816 pronuntiat
1332 1778 1422 1802 non
1455 1779 1547 1803 car-

130 1834 196 1876 nis
238 1835 466 1888 originem,
510 1837 585 1878 sed
621 1837 931 1879 notabilitatem
961 1837 1060 1879 fidei
1102 1838 1413 1894 requirendam.
1478 1841 1548 1881 De

133 1911 461 1955 circumcisionis
493 1926 633 1955 autem
666 1927 926 1956 sacramento
966 1914 1090 1956 latius
1119 1913 1204 1972 jam
1242 1914 1288 1955 in
1318 1915 1547 1971 superiori-

132 1990 211 2030 bus
241 1989 439 2042 diximus;
478 1992 553 2033 sed
593 2002 633 2032 et
662 1991 706 2032 in
736 1992 825 2033 aliis
855 1991 1049 2049 pluribus
1079 1992 1203 2042 locis,
1244 2009 1351 2049 quae
1391 2009 1470 2048 pro
1502 2010 1548 2034 re

254 2162 297 2217 1)
327 2161 604 2204 Desideratur
633 2171 726 2215 „et“
758 2165 802 2206 in
836 2166 930 2206 edd.
961 2165 1022 2206 M.

249 2231 296 2287 2)
326 2232 436 2274 Edd.
467 2233 663 2276 Merlini:
696 2235 813 2292 cujus
843 2247 958 2277 actus
991 2261 1043 2267 —
1076 2247 1116 2275 ct
1146 2252 1294 2291 opera:
1329 2236 1427 2278 audi
1458 2238 1546 2279 Da—

135 2287 289 2330 nielem
322 2288 425 2343 quid
456 2301 530 2330 etc.

247 2359 296 2415 3)
327 2359 495 2400 DanIel.
527 2358 665 2416 (juxta
697 2361 1009 2418 Theodotion.)
1040 2361 1158 2411 XIII,
1190 2364 1256 2406 56.

250 2428 295 2485 4)
325 2431 478 2471 Ezech.
508 2430 625 2481 XVI,
654 2431 693 2473 3.

252 2500 296 2553 5)
327 2502 408 2541 Ed.
439 2501 501 2542 M.
532 2501 572 2542 I:
614 2501 866 2552 ,‚Caethea‚“
905 2503 969 2543 ed.
1001 2504 1060 2546 M.
1092 2505 1158 2554 IL,
1189 2503 1332 2561 itemq.
1363 2507 1428 2547 ed.
1461 2507 1548 2546 ,Ru-

135 2556 219 2598 aei:
249 2557 475 2606 ,‚Cethea.“

251 2627 296 2681 6)
326 2628 450 2669 Rom.
480 2627 552 2677 IV,
584 2628 647 2671 11.
678 2629 742 2672 12.

254 2695 300 2749 7)
330 2697 462 2738 Deest
489 2703 583 2747 „et“
612 2697 657 2737 in
688 2699 782 2741 edd.
813 2699 874 2740 M.
907 2710 946 2740 et
976 2700 1027 2740 R.

257 2765 304 2816 8)
334 2766 444 2809 Edd.
476 2767 673 2808 Merlini:
706 2767 779 2809 illi.

256 2834 300 2890 9)
330 2836 606 2878 Desideratur
635 2837 738 2888 „sit“
767 2837 811 2879 in
846 2839 940 2881 edd.
971 2839 1034 2880 M.
