1788 3111
220 100 279 152 16
559 99 782 144 Omen-ms
810 113 858 144 m
888 100 967 144 Er.
990 113 1052 145 An
1083 102 1309 146 RomAuos

222 213 269 256 id
300 226 374 266 est,
403 225 576 257 vocatos
605 225 834 275 martyres,
864 216 940 257 sed
960 213 1003 272 ¹)
1032 231 1124 257 non
1155 214 1312 257 electos
1341 226 1568 275 martyres:
1599 228 1649 259 ut

222 303 323 333 sunt
349 291 426 343 illi,
459 291 533 348 qui
560 305 661 349 post
688 304 1009 335 tormentorum
1039 308 1194 347 agones
1225 303 1267 334 et
1295 308 1527 344 carcerum,
1555 310 1650 336 non

223 386 359 425 usque
400 370 457 411 ad
500 370 632 412 finem
671 369 716 412 in
761 370 1038 413 consessionis
1078 369 1305 412 tolerantia
1347 372 1648 427 perdurarunt.

223 447 302 488 Est
331 459 373 488 et
400 459 548 488 vocata
570 446 701 500 virgo,
732 447 868 502 sed2)
897 464 989 489 non
1021 448 1154 489 electa
1183 447 1322 501 virgo3
1353 464 1462 504 quae
1490 448 1650 491 scilicet

224 541 316 566 non
352 525 483 566 suerit
521 537 665 567 sancta
706 542 888 582 corpore
931 537 972 567 et
1016 525 1181 582 spiritu.
1266 525 1324 567 Et
1377 536 1438 567 est
1475 536 1649 568 vocatus

224 614 395 660 pastor,
434 603 510 644 sed
539 620 631 644 non
661 603 818 644 electus
845 613 1010 659 pastor,
1028 602 1075 658 3)
1116 601 1187 658 qui
1216 613 1383 659 praeest
1413 601 1588 658 quidem
1601 600 1650 658 ⁴²)

225 680 361 733 gregi,
391 692 433 722 et
461 681 570 723 lacte
601 679 690 738 ejus
720 681 873 731 utitur,
905 692 946 722 et
975 678 1081 720 lanis
1113 678 1203 737 ejus
1235 679 1445 736 operitur,
1477 681 1552 721 sed
1579 678 1648 720 in·-

225 758 399 799 firmum
428 775 520 799 non
549 757 746 814 requirit,
786 770 828 800 et
856 758 1059 799 claudum
1088 757 1243 814 n0n5)
1273 756 1454 810 colligit,
1487 768 1528 798 et
1555 758 1648 798 for-

225 846 312 875 tem
342 835 648 877 circumscribit
677 835 785 891 inss)
825 836 986 877 labore.
1044 835 1108 877 Ita
1145 846 1207 876 est
1246 847 1286 876 et
1314 847 1488 876 vocatus
1519 834 1651 876 absti-

225 928 350 962 nens,
390 915 464 954 sed
493 931 585 955 non
616 914 772 955 electus
804 912 1093 970 abstinens‚⁷)
1133 912 1291 955 scilicet
1322 912 1395 968 qui
1425 911 1649 971 jejunat⁸)

225 989 365 1040 tristis,
396 1002 436 1031 et
454 991 499 1047 9)
530 990 779 1033 exterminat
796 990 948 1032 faciem
978 1008 1111 1040 suam,
1141 1002 1190 1031 ut
1208 990 1454 1032 hominibus
1472 992 1650 1047 placeat.

226 1067 403 1123 Sed¹⁰)
446 1080 486 1109 et
524 1086 604 1124 per
638 1069 826 1121 singulos
857 1068 1086 1122 gratiarum
1115 1069 1269 1121 gradus
1299 1068 1493 1110 similiter
1531 1068 1649 1110 inve-

223 1148 314 1190 nies
334 1147 494 1188 multos
513 1146 584 1203 ¹¹¹)
615 1146 789 1203 quidem
817 1157 1003 1195 vocatos,
1032 1161 1192 1201 paucos
1223 1158 1365 1188 autem
1397 1147 1566 1188 electos.

337 1226 378 1268 3.
408 1225 686 1278 „segregatus
706 1224 777 1279 ¹2)
806 1222 852 1264 in
870 1223 942 1278 ¹³)
972 1223 1251 1276 Evangelium
1270 1224 1393 1266 Dei.“
1440 1226 1492 1267 In
1509 1223 1648 1266 Paulo

223 1321 315 1346 non
345 1303 436 1344 sola
466 1300 671 1355 generalis
699 1299 867 1342 vocatio
899 1300 954 1341 ad
972 1301 1274 1357 Apostolatum
1290 1301 1546 1355 designatur,
1575 1303 1653 1345 sed

225 1381 356 1439 εἴη)
389 1377 538 1422 electio
568 1377 766 1434 protinus
795 1378 1032 1419 secundum
1062 1378 1148 1420 Dei
1184 1379 1507 1435 praescientiam
1546 1381 1648 1422 suh-

342 1565 386 1621 1]
416 1566 588 1605 Desunt
616 1563 768 1604 verba:
799 1563 899 1611 „sed
919 1579 1009 1603 non
1030 1563 1186 1606 electos
1207 1569 1440 1623 martyres“
1468 1563 1513 1605 in
1529 1564 1651 1607 libris

223 1634 346 1665 antea
379 1620 498 1662 editis
531 1624 588 1674 (e.
620 1637 652 1660 c.
682 1619 727 1659 in
759 1620 854 1659 edd.
886 1619 983 1675 M).
1015 1621 1067 1660 R.

340 1691 386 1743 ²)
418 1690 487 1733 Sic
516 1690 620 1731 B'Iss.
653 1700 693 1729 et
721 1689 936 1730 Rabanus.
995 1689 1113 1730 Editi
1147 1690 1203 1744 (e.
1227 1707 1260 1732 c.
1283 1691 1378 1732 c‘dd.
1409 1690 1517 1746 M.):
1548 1692 1652 1742 „sed

222 1766 313 1791 non
346 1748 498 1796 electa,
531 1762 639 1800 quae
669 1744 827 1785 scilicet
857 1745 973 1799 virgo
1005 1757 1147 1788 sancta
1177 1765 1268 1789 non
1298 1747 1453 1789 suerit“
1482 1760 1558 1790 ete.
1596 1749 1651 1791 R.

223 1806 311 1848 Cfr.
342 1807 362 1846 I
395 1804 493 1845 Cor.
524 1803 620 1852 VII,
650 1802 717 1844 34.

337 1875 384 1930 3)
415 1875 549 1915 Deest
578 1877 776 1928 ,‚pastor“
806 1870 851 1912 in
883 1870 1003 1913 editis
1036 1873 1095 1927 (e.
1127 1891 1160 1914 c.
1191 1872 1235 1914 in
1267 1875 1361 1915 edd.
1393 1874 1492 1930 M.)
1522 1876 1574 1918 R.

337 1945 385 2002 ⁴²)
417 1945 528 1987 Edd.
544 1943 692 1984 MerL:
724 1941 837 1995 gregi
857 1942 1042 1997 quidem.
1060 1969 1111 1975 —
1134 1943 1221 1985 Csr.
1238 1944 1313 1986 ΕΖ.
1329 1946 1536 1997 XXXIV,
1553 1948 1593 1990 3.
1609 1946 1649 1988 4.

341 2017 386 2071 ⁵)
416 2016 522 2057 BIsc.
553 2030 685 2054 unus:
718 2030 833 2062 „non
864 2013 1074 2066 colligat.“
1107 2013 1159 2057 R.

340 2086 387 2141 ⁶)
417 2086 530 2127 Edd.
561 2082 756 2126 Mcrlini:
785 2083 831 2124 in
862 2083 1070 2125 laborem.

339 2157 384 2211 ⁷)
416 2157 550 2197 Deest
579 2153 847 2205 „abstinens“
877 2154 923 2196 in
954 2154 1074 2196 editis
1105 2155 1166 2212 (e.
1198 2172 1233 2197 c.
1263 2154 1309 2197 in
1340 2157 1436 2200 edd.
1467 2157 1565 2214 M.)
1595 2157 1649 2199 R.

337 2226 384 2282 ⁸)
413 2227 566 2267 Matth.
596 2227 672 2276 VI,
704 2225 769 2270 16.

337 2296 383 2352 ⁹)
413 2297 524 2337 Edd.
555 2295 754 2337 'Merliniz
796 2306 866 2345 „et
903 2295 1210 2347 exterminat‚“
1250 2299 1315 2340 ed.
1346 2300 1397 2339 R.
1428 2297 1474 2339 in
1510 2309 1646 2339 textu:

219 2364 288 2405 „et
310 2352 632 2401 exterminans,“
661 2351 705 2391 in
726 2352 860 2393 notis:
893 2353 1022 2401 „⁷Mss.
1049 2354 1244 2408 quidam:
1279 2366 1324 2397 et
1353 2356 1648 2397 exterminat.

223 2410 387 2453 Caeteri
418 2426 532 2459 vero,
563 2409 779 2458 Rabanus,
811 2420 851 2449 et
882 2409 983 2450 editi
1013 2409 1103 2466 <?):
1138 2422 1183 2451 ec
1213 2413 1576 2453 exterminans-³⁴

311 2481 382 2535 ¹⁰)
413 2480 518 2521 BIsc.
550 2496 682 2520 unus:
716 2478 785 2521 Sic
818 2490 859 2520 et
887 2496 965 2534 per
996 2479 1183 2532 singulos
1216 2492 1292 2523 etc.
1321 2483 1371 2523 R.

313 2551 383 2605 ¹¹)
413 2551 564 2592 Matth.
597 2550 738 2599 XXII,
772 2550 836 2592 14.
959 2549 1030 2604 ¹²)
1060 2551 1186 2595 Rom.
1217 2553 1248 2601 I,
1281 2554 1318 2594 1.

313 2620 383 2675 ¹3)
416 2620 559 2675 Quam
599 2619 730 2661 infida
769 2620 821 2660 sit
857 2619 1005 2661 Rufini
1055 2619 1372 2676 interpretatio,
1423 2621 1558 2677 liquet
1597 2637 1646 2663 ex

221 2677 408 2727 Graecis,
442 2694 548 2733 quae
578 2677 840 2718 Philocaliae
871 2693 960 2732 cap.
982 2677 1121 2719 XXV.
1153 2680 1258 2731 (sec.
1291 2681 1386 2720 edd.
1418 2678 1645 2734 Spenceri)

217 2735 275 2775 sic
307 2746 688 2789 repraesentantur,
721 2746 798 2775 etc.
827 2734 879 2774 R.
917 2757 972 2766 --
1015 2732 1104 2775 Csr.
1136 2737 1201 2778 ed.
1233 2748 1403 2777 nostrae
1437 2736 1562 2777 Tom.
1593 2735 1646 2779 V.

220 2802 261 2832 et
293 2792 467 2848 quidem
498 2808 521 2832 a
550 2807 643 2847 pag.
673 2789 928 2834 247-254.

309 2861 381 2918 ¹⁴)
411 2861 691 2904 Desideratur
721 2867 815 2913 „et“
846 2861 891 2903 in
923 2861 1019 2903 edd.
1050 2861 1237 2905 Merlim'.
