1788 3111
186 94 272 138 312
524 92 747 139 OmGEms
775 107 823 139 m
850 94 931 138 ΕΡ.
962 107 1022 138 An
1053 94 1280 140 Rommos

189 223 335 249 sumus
364 206 462 248 Deo
481 206 524 263 ¹)
552 224 631 264 per
645 207 693 265 2)
722 218 907 250 mortem
935 209 1037 251 Filii
1068 207 1197 268 ejus.“
1257 209 1443 252 Grandis
1472 212 1617 268 pudor

192 295 264 334 est,
294 283 370 325 ubi
399 284 492 327 talis
529 285 819 327 reconciliatio
859 287 968 329 facta
999 299 1078 338 est,
1115 288 1192 329 ubi
1230 287 1468 330 inimicitias
1507 287 1618 330 inter

191 361 336 402 Deum
368 373 410 402 et
437 362 632 406 homines
660 381 751 405 non
787 380 927 405 sermo
959 364 1214 421 peccatoris,
1252 367 1327 407 sed
1357 364 1522 418 sanguis
1550 365 1616 407 in-

190 438 433 481 tercessoris
464 441 656 493 absolvit,
686 441 843 482 iterum
871 458 950 484 nos
982 442 1172 484 converti
1201 444 1256 484 ad
1283 441 1545 493 inimicitias,
1577 454 1619 484 et

192 532 315 570 agere
346 533 416 568 ea,
449 534 557 573 quae
587 517 679 559 odit
707 518 803 569 ille,
842 536 969 575 quem
999 521 1125 562 nobis
1155 520 1237 562 nisi
1251 520 1297 576 3)
1337 519 1490 561 effusio
1522 537 1618 561 san-

193 592 329 646 guinis
368 594 475 636 sacri
514 596 861 638 reconciliaverat
895 614 1038 640 nemo.
1096 598 1271 640 Plenius
1311 609 1452 639 autem
1493 597 1621 639 etiam

192 671 247 711 ad
277 671 485 726 Ephesios
522 672 612 728 ipse
649 674 808 715 Paulus
846 674 1034 716 scribens
1074 677 1128 716 de
1165 675 1331 716 ratione
1369 674 1619 717 reconcilia-

190 747 318 790 tionis
351 759 391 790 et
433 748 765 808 inimicitiae‚‘¹)
813 768 860 793 ac
905 750 1158 807 profusione
1206 752 1417 805 sanguinis
1465 751 1621 793 Christi

194 839 525 869 commemorat:
560 843 668 883 quae
699 829 733 870 si
763 829 826 870 his
855 828 1092 886 jungamus,
1124 829 1288 885 aperire
1319 831 1465 872 locum
1494 846 1620 886 prae-

191 903 319 945 sentis
350 904 523 960 capituli
554 905 719 947 facilius
750 919 940 962 possunt.
999 906 1072 947 Ait
1104 924 1202 960 crgo
1233 907 1311 950 ita:
1353 907 1620 965 ,‚propter5)

194 982 313 1036 quod
343 998 555 1023 memores
569 982 615 1039 6)
646 983 731 1024 sitis
761 1002 850 1035 vos,
883 984 955 1040 qui
972 984 1204 1041 aliquando
1238 986 1397 1027 Gentes
1420 985 1465 1026 in
1497 1001 1623 1026 carne

193 1056 451 1101 dicebamini
492 1060 766 1116 praeputium
804 1064 859 1103 ab
902 1079 969 1113 ea,
1010 1079 1117 1118 quae
1159 1062 1312 1103 dicitur
1358 1062 1621 1104 circumcisio

191 1133 237 1175 in
268 1152 414 1187 carne,
457 1153 589 1177 manu
619 1139 750 1189 facta,
797 1138 1001 1195 quoniam
1040 1139 1162 1180 eratis
1201 1139 1277 1180 illo
1308 1151 1504 1196 tempore
1533 1139 1624 1181 sine

195 1211 379 1263 Christo,
411 1212 582 1255 alienati
612 1231 635 1255 a
666 1215 986 1257 conversatione
1016 1217 1166 1265 Israel,
1209 1227 1250 1257 et
1279 1216 1490 1272 peregrini
1518 1233 1623 1272 pro-

190 1288 403 1331 missionis
432 1302 785 1334 testamentorum
815 1292 916 1350 ejus,
947 1310 1066 1350 spem
1096 1311 1186 1334 non
1216 1295 1433 1344 habentes,
1465 1305 1505 1334 et
1534 1293 1624 1335 sine

191 1367 290 1408 Deo
330 1367 374 1408 in
413 1368 497 1410 hoc
538 1372 728 1412 mundo:
767 1388 882 1412 nunc
925 1383 1068 1412 autem
1104 1370 1146 1411 in
1190 1369 1360 1412 Christo
1402 1373 1506 1413 Jesu
1535 1388 1624 1420 VOS,

193 1444 268 1500 qui
298 1444 532 1502 aliquando
565 1447 688 1488 eratis
718 1448 868 1502 longe,
907 1449 1008 1490 sacti
1048 1448 1143 1490 estis
1179 1463 1317 1504 prope
1346 1446 1391 1487 in
1421 1445 1624 1499 sanguine

195 1521 364 1564 Christi.
422 1525 519 1580 Ipse
558 1536 619 1566 est
658 1525 771 1566 enim
810 1543 891 1582 pax
929 1537 1095 1577 nostra,
1129 1527 1202 1583 qui
1231 1525 1332 1567 fecit
1361 1536 1544 1580 utraque
1573 1542 1623 1564 u-

192 1616 311 1650 num,
335 1611 377 1641 et
404 1601 597 1642 medium
624 1602 831 1658 parietem
861 1603 1069 1645 maceriae
1094 1605 1276 1652 solvens,
1301 1601 1624 1658 inimicitiam7)

192 1676 238 1717 in
277 1694 403 1719 carne
441 1695 537 1728 sua,
578 1680 716 1733 legem
754 1682 1059 1722 mandatorum
1098 1681 1143 1722 in
1185 1680 1362 1722 decretis
1405 1695 1622 1730 evacuans,

193 1766 242 1795 ut
284 1756 393 1797 duos
441 1757 646 1797 conderet
688 1756 734 1797 in
771 1769 905 1798 semet
933 1758 1048 1814 ipso,
1086 1758 1132 1799 in
1175 1776 1263 1799 uno
1296 1774 1417 1801 >novo
1448 1757 1623 1798 homine

192 1831 349 1875 faciens
379 1849 550 1889 pacem,
589 1846 638 1875 ut
675 1835 969 1876 reconciliaret
1014 1847 1220 1891 utrosque
1260 1833 1366 1890 ing)
1404 1851 1493 1875 uno
1526 1851 1622 1875 cor-

195 1927 303 1966 pore
341 1911 439 1952 Deo
481 1927 559 1967 per
606 1928 797 1962 crucem,
837 1911 1094 1954 interficiens
1132 1911 1370 1954 inimicitias
1410 1911 1456 1952 in
1493 1923 1624 1954 semet

272 2093 274 2096 >
314 2072 357 2125 ¹)
387 2071 669 2114 Desideratur
707 2074 860 2124 „Deo“
897 2072 941 2114 in
975 2074 1039 2114 ed.
1069 2074 1122 2114 R.

312 2140 359 2197 ²)
390 2143 502 2185 Edd.
531 2143 729 2185 Merlini:
760 2161 838 2200 per
866 2142 1124 2197 sanguinem.

311 2209 356 2266 3)
387 2212 590 2256 Rabanus
631 2216 781 2256 habet:
830 2232 947 2266 „non
991 2212 1113 2264 nisi‚“
1161 2212 1316 2255 omisso
1357 2219 1541 2265 ‚,nemo“
1580 2215 1624 2257 in

196 2267 292 2311 fine.
323 2270 375 2310 R.

311 2339 356 2395 ⁴²)
389 2341 506 2382 Editi
536 2342 595 2397 (v.
615 2358 647 2383 c.
667 2341 763 2383 edd.
786 2342 897 2399 Μ.),
928 2338 1332 2391 ,‚inimicitia.“Msc.
1353 2359 1483 2384 unus:
1517 2340 1623 2393 „ini-

197 2395 493 2438 micitim-um.“
523 2399 577 2440 R.

316 2467 361 2523 5)
392 2468 547 2523 Ephes.
580 2469 635 2518 II,
665 2469 860 2512 11—18.

316 2536 362 2593 6)
393 2537 504 2580 Edd.
535 2537 597 2578 M.
629 2549 669 2578 et
697 2538 749 2579 R.
779 2537 824 2578 in
854 2549 993 2579 textu:
1024 2554 1262 2588 „memores
1288 2537 1382 2579 estis
1412 2543 1526 2588 vos,“
1558 2540 1623 2581 ed.

197 2605 340 2634 tamen
371 2595 432 2636 M.
472 2595 517 2636 in
548 2594 679 2635 notis:
717 2594 869 2643 ‚,alias:
909 2608 1131 2637 memores
1169 2596 1274 2636 sicis
1305 2608 1416 2649 vos,
1448 2596 1500 2636 al.
1532 2611 1624 2637 me-

200 2665 348 2691 mores
381 2665 479 2691 esse
512 2650 692 2691 debetis
723 2656 845 2692 v05.“
876 2651 926 2691 R..

319 2720 363 2776 7)
393 2720 505 2762 Edd.
535 2720 733 2763 Merlini:
764 2718 1015 2762 inimicitias.

319 2789 362 2843 ⁸)
404 2790 518 2832 Alias
557 2791 617 2845 (v.
663 2808 696 2833 c.
735 2790 779 2832 in
819 2791 915 2834 edd.
955 2790 1063 2846 M.):
1100 2790 1170 2842 „in
1203 2807 1385 2847 corpore
1399 2795 1435 2844 ;“
1474 2790 1525 2832 al.
1555 2788 1625 2841 „in

200 2863 276 2888 suo
312 2853 533 2902 corpore.“
562 2848 613 2889 R.
