1788 3111
360 765 713 820 ORIGENIS
765 765 1507 821 COMMENTARIORUM

908 906 958 936 IN

643 1005 1218 1049 EPISTOLAM

219 1138 457 1196 BEATI
498 1137 741 1197 PAULI
776 1137 1054 1194 APOST.
1092 1137 1199 1194 AD
1240 1136 1640 1197 ROMANOS

731 1273 776 1325 L
801 1290 821 1326 1
843 1289 872 1324 B
894 1290 925 1325 E
947 1289 981 1325 R
1039 1273 1128 1328 ΙΙΙ.

858 1431 998 1438 ——-

219 1560 257 1601 1.
287 1529 383 1607 „Si
402 1556 444 1613 1)
483 1568 625 1599 autem
653 1557 853 1614 iniquitas
889 1553 1037 1602 nostra
1065 1557 1150 1602 Dei
1182 1556 1383 1617 justitiam
1424 1574 1644 1600 commen-

219 1638 312 1690 dat,
343 1634 448 1691 quid
478 1633 699 1676 dicemus?
754 1636 977 1691 Numquid
1016 1635 1189 1692 iniquus
1228 1635 1369 1685 Deus,
1408 1637 1481 1692 qui
1516 1635 1644 1678 infert

217 1711 356 1755 iram?
402 1712 652 1753 Secundum
682 1713 903 1754 hominem
939 1714 1049 1755 dico.
1108 1713 1240 1754 Absit.
1296 1712 1502 1768 Alioquin
1533 1729 1644 1768 quo-

216 1791 353 1832 modo
380 1786 591 1846 judicabit
633 1789 751 1831 Deus
791 1788 1099 1844 mundum?²)
1158 1789 1203 1831 Si
1233 1787 1346 1830 enim
1376 1789 1526 1830 veritas
1556 1789 1642 1830 Dei

215 1868 265 1909 in
293 1882 391 1907 meo
421 1865 650 1906 mendacio
683 1867 912 1907 abundavit
939 1866 984 1908 in
1016 1866 1258 1922 gloriam3)
1290 1865 1400 1924 ejus,
1429 1866 1533 1922 quid
1566 1868 1643 1908 ad—

215 1945 303 1986 huc
334 1955 374 1985 et
405 1958 481 1996 ego
510 1954 714 1999 tanquam
747 1955 950 1999 peccator
978 1942 1161 2001 judicor,
1193 1955 1232 1984 et
1266 1960 1371 1993 non,
1399 1942 1508 1984 sicut
1528 1942 1644 1984 blas-

215 2022 496 2079 phemamur,
537 2031 575 2061 et
603 2019 711 2061 sicut
742 2021 890 2062 dicunt
920 2037 1000 2063 nos
1031 2021 1205 2077 quidam
1238 2021 1400 2071 dicere,
1439 2019 1642 2061 faciamus

216 2100 355 2150 mala,
404 2109 452 2140 ut
490 2097 662 2138 veniant
703 2096 852 2139 bona?
905 2114 1092 2154 quorum
1133 2099 1352 2140 damnatio
1393 2094 1502 2154 justa
1544 2100 1641 2138 est.“

216 2176 407 2217 Multum
435 2175 621 2217 fortassis
651 2174 963 2231 inconsequens
989 2175 1201 2217 videbitur
1232 2178 1342 2218 ordo
1363 2173 1535 2217 dicendi
1564 2190 1643 2230 per

220 2269 396 2295 omnem
424 2268 564 2309 paene
592 2263 750 2293 textum
783 2252 909 2309 hujus
940 2253 1142 2309 epistolae
1173 2254 1227 2295 ab
1256 2252 1469 2309 Apostolo
1500 2251 1638 2292 Paulo

218 2330 420 2383 digestus,
459 2330 562 2370 dum
591 2346 731 2371 sermo
747 2328 794 2386 4)
834 2328 921 2385 ejus
950 2348 1067 2372 nunc
1098 2332 1319 2373 adversum
1352 2328 1509 2369 Gentes
1538 2326 1640 2368 diri-

218 2406 340 2459 gitur,
367 2423 484 2447 nunc
515 2422 596 2461 pro
632 2405 841 2449 Gentibus
863 2419 1135 2464 temperatur,
1165 2420 1204 2449 et
1225 2423 1393 2448 rursum
1416 2405 1638 2446 adversum

216 2484 426 2533 Judaeos,
469 2494 509 2523 et
546 2483 701 2525 iterum
741 2486 795 2526 de
834 2483 1034 2535 Judaeis‚
1078 2495 1150 2528 aut
1189 2485 1312 2526 etiam
1352 2498 1434 2538 pro
1465 2480 1638 2523 Judaeis

336 2644 379 2700 ¹)
410 2643 540 2685 Rom.
569 2644 644 2695 ΙΙΙ,
672 2645 816 2688 5—8.

331 2714 378 2770 2)
407 2715 488 2756 Ed.
518 2715 674 2757 Ruaei:
706 2716 822 2757 hunc
851 2715 1076 2757 mundum.
1136 2712 1226 2755 Cfr.
1255 2712 1381 2754 Rom.
1411 2711 1485 2762 III,
1513 2712 1552 2755 6.

332 2784 379 2841 3)
409 2785 520 2827 Edd.
551 2785 747 2828 Merlini:
776 2785 823 2827 in
854 2785 988 2839 gloria
1018 2782 1117 2841 ejus.
1176 2782 1264 2826 Cfr.
1295 2783 1420 2825 Rom.
1444 2783 1519 2834 III,
1541 2783 1578 2826 7.

331 2855 378 2910 ¹²)
408 2855 519 2898 Edd.
549 2856 745 2899 Merlini:
776 2855 863 2914 ejus
892 2871 1044 2898 sermo.
