1788 3111
197 115 283 159 142
537 112 759 156 Omomus
789 126 836 155 m
865 112 944 154 ΕΡ.
974 124 1033 154 An
1066 85 1291 156 Roxvnmos

197 244 309 269 mur.
357 225 492 279 Igitur
522 226 726 283 quoniam
754 226 955 282 frequens
987 237 1047 267 est
1069 226 1282 282 Apostolo
1312 226 1390 269 iste
1413 238 1626 280 tractatus,

199 322 286 361 quo
339 320 418 360 per
467 302 718 359 singulos¹)
756 319 950 359 quosque
986 303 1111 344 binos
1151 303 1346 346 homines
1385 321 1472 347 esse
1514 307 1624 349 desi—

198 394 319 437 gnat:
353 398 541 437 quorum
572 382 753 422 alterum
785 380 1037 422 exteriorem
1067 380 1312 431 nominare,
1347 382 1527 425 alterum
1557 384 1623 425 in-

196 459 401 502 teriorem
426 459 555 500 solet:
589 475 826 514 eorumque
857 458 1038 499 alterum
1068 460 1305 499 secundum
1326 475 1497 501 carnem
1524 478 1624 512 esse,

199 539 381 579 alterum
413 537 651 578 secundum
682 535 878 591 spiritum
909 536 1032 586 dicit,
1063 561 1114 567 —-
1148 536 1325 592 opinor,
1367 553 1414 578 ex
1443 537 1526 578 illis
1557 537 1623 578 in-

197 614 454 669 stitutus‚²)
496 613 678 669 quaein
711 613 869 654 Genesi
898 612 1051 668 scripta
1092 613 1272 669 sunt,3)
1310 612 1386 654 ubi
1424 614 1530 655 alius
1570 615 1625 655 ad

197 692 426 745 imaginem
457 690 542 732 Dei
580 693 736 742 factus,
778 690 882 732 alius
921 692 973 732 de
1013 690 1117 731 limo
1159 702 1297 731 terrae.
1327 691 1558 746 plasmatus
1579 690 1625 746 4)

196 772 392 819 refertur,
408 795 464 802 -—
482 780 522 809 et
544 769 622 809 hos
643 768 757 824 ipsos
779 786 895 809 nunc
927 768 1057 810 alium
1087 767 1131 808 in
1161 767 1400 819 manifesto,
1417 767 1461 824 ⁵)
1492 767 1624 809 alium

195 848 242 890 in
261 848 433 889 occulto
455 847 672 887 Judaeum
694 858 840 887 vocat:
861 845 1080 887 sciendum
1100 858 1171 896 est,
1193 846 1312 901 quod
1330 846 1488 886 horum
1507 856 1624 886 uter-

196 942 280 982 que
310 925 357 966 in
390 924 647 980 quibusdam
680 922 872 973 dissonis,
902 923 947 964 in
965 923 1185 964 nonnullis
1202 938 1303 963 vero
1324 921 1625 963 communibus

195 1004 331 1044 utitur
359 1000 573 1043 institutis.
631 1001 742 1041 Nam
783 1012 882 1041 sunt
920 1000 1151 1056 quaedam,
1199 1015 1307 1055 quae
1338 1000 1391 1039 ab
1422 999 1624 1040 interiore

195 1080 372 1122 homine
420 1077 593 1120 initium
639 1089 833 1127 sumunt,
884 1088 924 1118 ct
960 1092 1097 1131 usque
1139 1076 1192 1115 ad
1234 1076 1486 1117 exteriorem
1524 1093 1622 1132 per-

195 1157 395 1199 veniunt:
438 1155 520 1197 alia
550 1172 651 1196 vero
691 1155 745 1195 ab
787 1152 994 1194 exteriore
1033 1151 1209 1193 homine
1246 1152 1444 1194 inchoata
1474 1170 1623 1209 perve-

194 1234 321 1275 niunt
350 1249 488 1289 usque
527 1233 580 1272 ad
619 1230 879 1271 interiorem.
940 1228 1075 1283 Quod
1106 1240 1249 1269 autem
1280 1229 1398 1280 dico,
1438 1230 1523 1271 tale
1555 1243 1626 1273 est.

195 1312 243 1354 Si
274 1311 438 1352 castitas
471 1310 525 1350 ab
557 1308 762 1349 interiore
792 1306 968 1348 homine
998 1318 1137 1348 sumat
1168 1306 1403 1357 exordium,
1433 1307 1626 1363 pervenit

193 1389 286 1432 sine
306 1389 352 1445 6)
397 1387 532 1428 dubio
573 1401 711 1447 usque
751 1385 805 1425 ad
847 1383 1113 1425 exteriorem.
1183 1385 1336 1440 Neque
1378 1384 1492 1426 enim
1531 1385 1625 1426 fieri

193 1478 347 1524 potest,
380 1477 438 1515 ut,
471 1463 507 1506 si
529 1475 626 1504 ante
659 1462 751 1519 quis
781 1479 872 1503 non
900 1462 1152 1502 moechetur
1170 1460 1215 1502 in
1235 1463 1378 1511 corde,
1407 1462 1624 1503 moechari

194 1540 330 1599 possit
359 1543 405 1583 in
438 1558 636 1597 corpore.
696 1541 784 1583 Sed
821 1557 912 1580 non
944 1539 1172 1589 continuo,
1212 1539 1245 1580 si
1286 1539 1378 1595 quis
1418 1541 1471 1580 ab
1510 1552 1622 1581 exte-

193 1620 318 1661 rioris
349 1618 537 1660 hominis
566 1617 741 1674 incipiat
771 1617 970 1667 castitate,
1001 1615 1194 1672 pervenit
1224 1615 1350 1657 etiam
1371 1618 1425 1657 ad
1445 1616 1621 1657 interio-

193 1715 285 1739 rem
323 1695 655 1738 continentiam:
697 1694 829 1748 ut,⁷)
871 1693 904 1735 si
932 1710 1025 1734 non
1053 1694 1305 1734 moechatur
1340 1692 1387 1733 in
1427 1710 1623 1749 corpore,

191 1792 272 1816 nec
302 1774 348 1815 in
379 1774 513 1814 corde
541 1772 805 1813 moechetur.
864 1771 1114 1812 Secundum
1154 1771 1257 1811 haec
1290 1755 1396 1823 >ergo
1440 1769 1620 1811 circum-

194 1851 296 1894 cisio
327 1849 542 1892 interioris
576 1848 674 1904 (πθ)
707 1846 924 1889 exterioris
962 1847 1147 1888 hominis
1185 1847 1419 1899 allegoricis
1459 1846 1623 1900 legibus

192 1928 471 1982 intelligatur,
514 1944 613 1968 cum
651 1925 742 1984 jam
782 1941 925 1980 neque
960 1924 1140 1966 interior
1176 1924 1249 1966 ille
1288 1922 1549 1980 concupiscit
1578 1923 1623 1965 in

194 2008 345 2057 corde,
387 2022 531 2062 neque
561 2003 745 2046 exterior
773 2002 850 2045 iste
883 1999 1309 2058 concupiscenti-2⁴39)
1339 2000 1550 2042 ministrat
1578 2000 1623 2041 in

312 2195 356 2251 ¹)
389 2194 508 2236 Editi
539 2194 648 2251 (ec.
670 2194 891 2249 edd.M.):
922 2193 1113 2246 „singula
1146 2197 1380 2249 quaeque.“
1409 2193 1540 2234 Male.
1570 2192 1622 2234 R.

307 2266 355 2321 ²)
386 2264 505 2306 Editi
536 2265 595 2320 (v,
629 2281 662 2307 c.
694 2266 790 2307 edd.
820 2264 928 2319 M.):
960 2263 1225 2315 ,‚institutis.“
1255 2264 1308 2305 R.

309 2336 356 2389 3)
392 2336 548 2376 Genes.
581 2335 659 2384 IX,
690 2335 858 2385 6.——II,
889 2337 926 2378 7.

311 2404 358 2461 4)
387 2405 500 2445 Edd.
532 2405 726 2446 Merlini:
759 2407 906 2447 factus.
1025 2404 1070 2460 ⁵)
1100 2405 1229 2445 Rom.
1259 2403 1314 2453 II,
1344 2403 1411 2446 28.
1441 2403 1509 2446 29.

311 2475 357 2527 6)
389 2475 559 2515 Desunt
600 2476 750 2515 verba:
791 2475 917 2525 „sine
956 2474 1148 2525 dubio,“
1185 2473 1228 2513 in
1262 2473 1381 2514 editis
1420 2473 1479 2530 (e.
1513 2490 1547 2515 c.
1579 2473 1623 2515 in

194 2534 289 2574 edd.
320 2533 421 2585 Μ).
454 2533 508 2578 R.

312 2602 357 2657 ⁷)
389 2600 701 2643 Desiderantur
737 2600 782 2640 in
823 2612 946 2641 antea
989 2599 1109 2641 editis
1156 2601 1213 2656 (v.
1245 2616 1278 2640 c.
1316 2599 1360 2639 in
1403 2599 1498 2640 cdd.
1534 2598 1623 2652 M.)

193 2660 340 2699 verba:
385 2668 471 2708 „ut
510 2657 543 2699 si
582 2674 673 2699 non
711 2658 963 2699 moechatur
993 2657 1037 2698 in
1067 2673 1272 2713 corpore,
1304 2673 1383 2696 nec
1414 2655 1458 2696 in
1491 2656 1621 2696 corde

193 2717 488 2757 moecl1etu1·.“
518 2715 570 2757 R.

311 2786 357 2842 ⁸)
388 2786 558 2826 Desunt
589 2787 738 2827 verba:
770 2797 840 2835 „et
872 2783 1130 2834 exterioris“‚
1163 2784 1207 2825 in
1239 2784 1335 2825 edd.
1367 2782 1553 2824 Merlini.

310 2857 355 2911 ⁹)
386 2856 497 2899 Edd.
528 2855 721 2898 Merlini:
757 2854 1156 2912 concupiscentiam.
