1788 3111
230 134 288 177 20
568 130 792 174 Omenms
821 141 868 174 m
896 129 977 172 ΕΡ.
1006 137 1066 172 An
1098 129 1326 172 Romlmos

345 245 387 292 4.
417 243 641 301 „Qu0d¹)
678 255 776 285 ante
813 243 1069 299 promiserat
1105 259 1187 299 per
1214 241 1448 300 prophetas
1484 257 1583 284 suos
1613 241 1657 284 in

235 322 466 378 Scripturis
508 320 739 377 sancfisfl)
818 320 975 361 Utrum
1027 319 1278 376 simpliciter
1323 317 1461 374 accipi
1505 319 1659 360 debeat

234 399 513 452 Evangelium
550 413 631 454 per
669 396 897 453 scripturas
937 397 1210 452 propheticas
1254 396 1337 453 113)
1376 396 1474 437 Deo
1505 412 1656 452 repro-

236 476 430 526 missum,
476 491 530 516 an
575 475 629 515 ad
671 472 987 515 distinctionem
1029 474 1198 515 alterius
1239 473 1482 525 Evangelii,
1536 475 1656 529 quod

236 540 455 596 aeternum
486 550 588 593 dicit
609 551 801 592 Joannes
829 550 873 590 in
896 551 1169 609 Apocalypsi,
1184 549 1229 606 4)
1260 552 1379 606 quod
1397 552 1511 591 'tunc
1541 567 1658 592 reve·-

238 633 416 672 landum
449 640 527 679 est,
568 646 664 669 cum
699 628 851 668 umbra
882 627 1112 677 transierit,
1151 639 1190 668 et
1220 626 1370 668 veritas
1401 626 1582 676 venerit,
1620 638 1660 667 et

238 725 335 749 cum
367 724 483 748 mors
513 706 640 748 fuerit
668 706 881 760 absorpta,
913 716 952 744 et
983 703 1201 745 aeternitas
1228 703 1428 754 restituta,
1464 704 1659 745 conside-

238 797 330 827 rato
374 784 498 825 etiam
536 795 581 824 tu
615 781 687 838 qui
727 781 838 832 legis.
908 780 989 821 Cui
1030 793 1202 822 aeterno
1233 781 1465 832 Evangelio
1506 797 1661 823 conve-

237 864 332 905 nire
362 862 622 904 videbuntur
652 858 775 900 etiam
817 858 879 900 illi
921 858 1079 899 aeterni
1119 857 1241 908 anni,
1282 860 1335 899 de
1365 859 1517 913 quibus
1549 857 1662 900 Pro-

237 941 365 996 pheta
397 938 518 980 dicit:
548 935 675 992 ‚,et⁵)
707 951 841 977 annos
863 946 1057 976 aeternos
1087 935 1131 975 in
1150 947 1291 976 mente
1309 935 1478 976 habui.“
1523 934 1662 991 Eique

239 1015 414 1074 adjungi
451 1025 591 1071 potest
630 1024 670 1054 et
705 1014 776 1054 ille
814 1012 988 1067 liberss)
1029 1012 1160 1061 vitae,
1201 1013 1246 1054 in
1286 1029 1372 1069 quo
1414 1023 1658 1054 sanctorum

239 1093 414 1135 nomina
431 1091 587 1148 scripta
608 1090 828 1132 dicuntur:
857 1090 931 1131 sed
965 1100 1006 1130 et
1033 1089 1094 1132 illi
1124 1089 1235 1140 libri,
1267 1089 1339 1145 qui
1365 1091 1479 1146 apud
1502 1089 1662 1131 Danieu

239 1169 412 1226 lem‚⁷)
451 1186 548 1210 cum
586 1167 793 1225 judicium
838 1166 1114 1217 consedisset,
1156 1166 1290 1223 aperti
1327 1178 1447 1218 sunt;
1484 1168 1549 1208 vel
1588 1167 1662 1223 qui

239 1249 355 1303 apud
371 1246 638 1287 Ezechielem
654 1244 700 1300 ⁸)
728 1244 984 1300 prophetam
1005 1245 1057 1285 de
1078 1246 1189 1286 intus
1221 1255 1260 1285 et
1279 1243 1437 1287 deforis
1460 1244 1662 1286 dicuntur

239 1324 450 1380 inscripti:
493 1321 659 1379 quae9)
691 1321 836 1363 omnia
867 1338 955 1361 nou
989 1332 1248 1372 atramento,
1291 1323 1366 1363 sed
1394 1321 1546 1377 spiritu
1576 1321 1661 1363 Dei

240 1400 321 1442 vivi
357 1400 513 1456 scripta
553 1409 862 1440 memorantur.
918 1397 989 1438 De
1027 1397 1180 1452 quibus
1218 1399 1407 1453 quamvis
1444 1398 1662 1455 periculo-

240 1496 332 1521 sum
363 1477 555 1519 videatur
584 1476 782 1517 chartulis
823 1474 1088 1517 committere
1126 1490 1385 1525 sermonem,
1406 1475 1476 1533 ¹⁰)
1519 1487 1661 1519 tamen

238 1572 331 1597 non
363 1554 496 1596 otiose
525 1555 834 1609 praetereunda
867 1564 965 1595 sunt
995 1551 1103 1592 dicta
1125 1550 1194 1607 ΙῙ)
1230 1552 1485 1609 sapientium
1523 1565 1563 1594 et
1592 1571 1662 1595 ae-

238 1633 448 1683 nigmata,
485 1632 559 1673 sed
588 1630 732 1672 subtili
762 1631 999 1670 admodum
1032 1628 1184 1669 mentis
1215 1628 1327 1677 acie,
1366 1628 1411 1669 in
1453 1641 1660 1679 quantum

240 1725 304 1751 res
334 1708 512 1764 patitur,
552 1709 664 1749 velut
692 1723 770 1763 per
799 1707 1021 1762 quoddam
1049 1705 1272 1761 speculum
1290 1707 1657 1762 contemplanda:

240 1803 295 1829 ne
332 1787 444 1828 forte
481 1785 538 1837 is,
569 1785 641 1841 qui
671 1785 861 1826 Verbum
906 1799 1003 1824 caro
1044 1781 1268 1839 sactus¹²)
1308 1784 1507 1839 apparuit
1541 1785 1659 1840 posi-

360 1946 402 2003 Ι)
432 1946 559 1987 Rom.
587 1944 620 1994 Ῑ,
648 1945 688 1987 2.
717 1945 756 1988 3.

357 2017 403 2072 2)
433 2016 545 2058 Edd.
575 2014 769 2056 Merlini:
799 2013 951 2056 sanctis
983 2015 1035 2056 de
1064 2012 1153 2056 filio
1183 2031 1275 2057 suo.

356 2087 402 2143 3)
434 2087 504 2128 Sic
536 2086 751 2134 Rabanm,
779 2084 883 2126 Msc.
914 2103 1023 2127 unus
1052 2073 1152 2138 ch.
1183 2102 1300 2126 num.
1320 2085 1453 2136 1640„
1484 2099 1523 2129 et
1552 2089 1656 2130 alter

241 2143 396 2185 Vallis·
416 2142 579 2184 Clarae.
638 2141 801 2185 Caeteri
832 2157 931 2182 vero
964 2142 1062 2183 Mss.
1095 2154 1133 2182 et
1164 2141 1265 2182 editi
1296 2141 1354 2197 (e.
1374 2160 1408 2185 c.
1434 2145 1530 2186 edd.
1548 2144 1654 2201 M.):

241 2217 290 2251 „a
321 2201 417 2241 Deo
449 2197 767 2256 repromissum,
798 2199 853 2239 ad
884 2197 1226 2239 distinctionem“
1257 2210 1333 2240 etc.
1364 2199 1415 2241 R.

357 2268 402 2323 4)
434 2269 612 2324 Apocal.
643 2267 757 2317 XIV,
783 2268 820 2311 6.
941 2268 985 2322 5)
1015 2267 1078 2310 Ps.
1108 2268 1323 2318 LXXVII,
1344 2270 1382 2312 5.
1412 2268 1655 2325 (LXXVI.)

354 2341 400 2393 ⁶)
436 2338 611 2394 Apocal.
641 2337 777 2387 XVII,
802 2337 841 2380 8.
958 2337 1003 2393 7)
1034 2338 1145 2380 Dan.
1179 2338 1273 2389 Vll,
1305 2339 1369 2383 10.

355 2408 402 2464 8)
432 2408 584 2448 Ezech.
617 2406 668 2455 Il,
700 2407 764 2447 10.

355 2478 401 2532 ⁹)
433 2478 491 2518 Ita
523 2475 737 2517 Rabanus.
807 2475 967 2517 Omnes
997 2492 1098 2518 vero
1140 2477 1238 2520 NIss.
1268 2478 1420 2520 nostri:
1462 2481 1654 2529 „omnia—

271 2539 360 2577 ue.“
428 2533 542 2574 Editi
583 2536 639 2587 (e.
678 2550 710 2574 c.
743 2534 836 2573 edd.
870 2533 973 2590 Μ.);
1013 2534 1185 2583 „omnia
1223 2540 1453 2591 quaeque.“
1512 2537 1560 2578 R.
1601 2563 1651 2570 —-

283 2593 329 2632 sr.
361 2590 397 2630 II
429 2589 529 2631 Cor.
562 2589 633 2638 Ill,
663 2590 702 2630 3.

331 2659 402 2713 ιο)
431 2658 478 2700 In
512 2658 629 2700 editis
660 2659 719 2715 (v,
752 2676 784 2699 c.
817 2659 858 2700 in
885 2661 979 2701 edd.
1000 2659 1086 2710 M.)
1121 2646 1342 2710 omittitur,
1373 2672 1412 2701 et
1441 2661 1486 2702 in
1517 2662 1651 2718 pluri-

240 2717 319 2758 bus
348 2715 459 2764 Mss.,
486 2716 558 2756 sed
591 2725 717 2756 exstat
746 2715 787 2755 in
819 2716 920 2766 aliis,
954 2727 993 2757 et
1023 2717 1137 2773 apud
1169 2716 1407 2760 Rabanum.
1450 2718 1499 2760 R.

328 2785 401 2841 Η)
432 2785 557 2826 prov.
589 2783 621 2834 1,
651 2786 689 2827 6.

330 2854 401 2911 ¹²>
429 2854 512 2898 Ed.
540 2854 601 2896 M.
631 2855 687 2896 112
720 2858 888 2899 samum.
