1788 3111
205 125 289 168 112
544 121 766 165 Omemus
796 134 844 165 m
872 122 950 164 ΕΡ.
981 131 1040 163 An
1073 120 1301 164 Rommos

200 237 458 280 vocabulum
487 236 639 286 trahat,
670 238 724 278 de
754 253 841 292 quo
871 234 1077 291 scriptum
1109 245 1188 276 est:
1219 234 1374 284 „Juda‚
1393 233 1438 290 ¹)
1468 246 1510 277 te
1538 235 1635 277 lau-

202 316 368 358 dabunt
395 315 545 356 fratres
573 314 657 356 tui:
687 331 838 356 manus
867 326 965 355 tuae
994 328 1123 368 super
1148 312 1324 353 dorsum
1354 310 1633 354 inimicorum

200 404 390 434 tuorum.
452 391 628 434 Catulus
657 392 794 433 leonis
825 391 980 439 Juda,“
1021 401 1061 430 et
1093 400 1281 438 caetera,
1323 404 1432 444 quae
1461 389 1507 430 in
1537 390 1632 431 Sal-

201 482 391 512 vatorem
422 469 666 511 Dominum
696 469 951 524 prophetata
981 477 1089 506 sunt.
1149 464 1282 517 Igitur
1318 465 1352 506 si
1383 465 1534 507 claruit
1574 469 1629 509 de

202 547 449 589 differentiis
481 563 786 603 personarum,
828 557 867 585 ct
897 543 988 599 quis
1019 558 1116 583 vere
1145 541 1258 598 sit2)
1287 542 1499 594 Judaeus,
1540 546 1630 599 quis

202 637 343 667 autem
383 626 478 666 solo
519 624 700 665 nomine
751 620 1100 673 cognominetur,
1143 619 1382 670 videamus,
1428 637 1536 676 quae
1577 622 1632 662 ad

201 703 332 751 hunc,
365 701 437 757 qui
469 718 511 742 se
541 701 669 759 jactat
699 716 783 742 esse
803 700 1032 747 Judaeum,
1064 708 1104 737 et
1132 713 1224 738 non
1251 709 1321 747 est,
1351 713 1493 738 sermo
1511 698 1634 754 Apo-

198 780 370 822 stolicus
402 779 524 821 dicat.
585 778 675 827 Tu,
716 776 874 832 inquit,
913 775 986 831 qui
1016 771 1268 828 Judaeus3)
1303 774 1633 826 cognominaris,

200 869 240 898 et
271 873 442 898 omnem
475 855 553 896 tibi
583 854 775 910 requiem
805 854 848 894 in
880 852 979 904 legis
1003 852 1123 893 litera
1148 852 1349 901 collocas,
1380 864 1418 893 et
1440 852 1632 905 gloriaris

199 933 244 975 in
275 933 397 982 Deo,
438 945 640 988 tanquam
673 932 746 987 qui
776 930 918 986 portio
961 927 1048 986 ejus
1085 928 1159 978 sis,
1203 940 1241 969 et
1280 928 1348 970 cui
1381 946 1632 972 concessum

203 1010 267 1061 sit,
299 1012 406 1052 scire
436 1011 696 1051 voluntatem
727 1008 830 1058 Dei,
863 1019 902 1048 et
929 1008 1043 1048 velut
1070 1006 1288 1062 probandi
1318 1021 1470 1057 gnarus
1500 1005 1630 1063 jactas

197 1100 240 1130 te
269 1088 374 1130 scire
403 1103 541 1143 posse,
573 1099 612 1127 et
643 1086 894 1134 discernere,
925 1100 1033 1140 quae
1062 1084 1145 1126 sint
1162 1083 1334 1125 utiliora
1361 1094 1400 1124 et
1427 1083 1632 1125 differen-

198 1165 269 1215 tia,
299 1164 354 1206 ita
386 1176 433 1206 ut
463 1181 553 1205 non
584 1163 738 1211 solum,
771 1177 880 1216 quae
906 1161 989 1202 sint
1018 1163 1148 1210 bona,
1177 1159 1294 1209 scias,
1323 1175 1470 1200 verum
1490 1159 1630 1211 etiam,

199 1257 310 1298 quac
338 1242 421 1283 sint
449 1240 631 1281 meliora
663 1251 702 1280 et
731 1239 924 1287 utiliora,
965 1238 1198 1286 discernas,
1231 1237 1411 1278 confidis
1443 1253 1630 1293 quoque,

202 1321 323 1376 quod
356 1321 440 1360 dux
471 1318 605 1375 possis
637 1333 723 1358 esse
754 1333 1008 1357 caecorum:
1054 1314 1258 1356 nimirum
1291 1330 1337 1354 cx
1367 1313 1447 1355 illis
1478 1329 1518 1355 es
1550 1315 1632 1355 du-

200 1398 341 1446 cibus,
386 1398 439 1437 de
470 1395 623 1451 quibus
659 1394 826 1435 dicebat
856 1392 1094 1433 Dominus:
1137 1390 1281 1441 „caeci
1297 1389 1343 1445 4>
1373 1401 1469 1432 sunt
1501 1391 1630 1433 duces

198 1491 448 1516 caecorum:
498 1470 708 1525 caecus5)
757 1481 897 1511 autem
941 1469 975 1510 si
1022 1485 1148 1510 caeco
1193 1470 1396 1510 ducatum
1435 1478 1629 1524 praestet,

197 1553 326 1594 ambo
359 1551 404 1592 in
435 1553 603 1591 foveam
635 1551 834 1590 cadunt.“
896 1547 1086 1587 Confidit
1107 1561 1206 1598 ergo
1241 1547 1394 1588 ducem
1414 1561 1458 1586 se
1481 1561 1566 1588 esse
1581 1544 1627 1601 6)

197 1646 448 1678 caecorum,
490 1629 635 1668 lumcn
678 1642 829 1667 eorum
872 1640 1068 1680 quoque,
1112 1623 1185 1678 qui
1224 1624 1269 1664 in
1305 1621 1490 1663 tenebris
1518 1633 1627 1663 sunt.

195 1707 283 1748 Sed
316 1717 355 1746 et
388 1706 441 1746 ad
471 1706 570 1747 istos
600 1703 882 1744 nihilominus
917 1702 1135 1742 Dominus
1169 1699 1292 1759 dicit:¹
1326 1698 1456 1754 „si⁷)
1485 1711 1625 1740 autem

195 1786 280 1833 lux,
311 1799 421 1838 quae
450 1781 494 1822 in
523 1793 564 1822 te
596 1792 665 1831 est,
695 1780 896 1821 tenebrae
924 1789 1033 1827 sunt,
1065 1778 1179 1833 ipsae
1209 1776 1411 1817 tenebrae
1442 1788 1625 1831 quantae

194 1860 349 1904 sunt!“
395 1859 633 1901 Considunt
654 1869 809 1905 tamen,
842 1857 960 1910 quod
982 1855 1219 1896 eruditores
1247 1853 1391 1909 sint⁸>
1420 1853 1624 1908 insipien-

193 1939 327 1987 tium,
374 1948 412 1978 et
451 1936 635 1987 magistri
666 1935 914 1982 infantium,
950 1945 1154 1987 tanquam
1185 1931 1257 1986 qui
1290 1947 1335 1972 ex
1371 1930 1471 1982 legis*
1502 1931 1621 1971 litera

193 2016 381 2056 formam
421 2013 622 2055 scientiae
663 2023 703 2052 ct
741 2011 920 2052 veritatis
962 2010 1214 2064 acceperint.
1281 2008 1337 2049 Et
1377 2007 1475 2063 quia
1515 2007 1620 2048 haec

193 2094 452 2148 profitentur
485 2091 682 2146 quidem,
710 2106 801 2131 non
832 2100 974 2129 tamen
1005 2103 1101 2128 vere
1131 2097 1294 2136 tenent,
1333 2084 1433 2126 dicit
1464 2085 1517 2125 ad
1547 2100 1621 2126 eos

192 2169 446 2224 Apostolus:
479 2167 578 2223 „qui
596 2165 640 2222 ⁹)
672 2181 771 2218 ergo
796 2166 923 2206 doces
947 2165 1090 2213 alium,
1120 2174 1160 2204 te
1183 2163 1323 2218 ipsum
1347 2179 1439 2204 non
1470 2164 1620 2204 doces:

194 2257 233 2286 et
263 2245 335 2301 qui
366 2244 586 2300 praedicas
615 2260 706 2285 non
745 2244 1033 2292 furandum,“
1075 2253 1117 2282 tu
1152 2242 1379 2282 adventum
1418 2252 1458 2282 et
1494 2257 1619 2296 prae-

190 2323 368 2366 sentiam
403 2321 571 2370 Christi,
603 2320 800 2377 quaem)
823 2320 1020 2362 universo
1042 2319 1206 2360 mundo
1240 2317 1416 2359 effulsit:
1446 2316 1616 2358 furaris:

315 2439 357 2494 Ι)
392 2439 543 2480 Genus.
572 2439 727 2488 XLIX,
757 2440 797 2482 8.
827 2440 865 2482 9.

310 2510 356 2564 2)
387 2509 499 2550 Edd.
530 2508 724 2549 Merlini:
757 2509 945 2549 Judacus
975 2507 1036 2548 sit.

307 2580 354 2634 3)
385 2580 511 2621 Rom.
542 2579 594 2628 Il,
630 2580 818 2623 17-19.
939 2576 984 2632 ⁴)
1015 2574 1166 2615 Matth.
1198 2573 1292 2623 XV,
1323 2575 1387 2618 14.

308 2650 353 2705 ⁵)
385 2650 494 2691 Edd.
524 2648 719 2690 Mcrlini:
752 2650 785 2690 si
820 2664 966 2689 caccus
1000 2657 1140 2687 autem
1173 2660 1300 2697 caeco
1333 2656 1408 2685 cte.

309 2719 356 2775 θ)
387 2719 516 2760 Rom.
545 2719 598 2768 II,
629 2718 695 2763 19.
816 2718 860 2766 7)
890 2716 1040 2758 Matth.
1072 2714 1143 2763 VI,
1171 2715 1238 2756 23.

307 2789 355 2844 Β)
388 2789 509 2831 Rom.
542 2789 596 2840 II,
625 2791 693 2833 20.
813 2788 859 2844 9)
891 2787 1015 2828 Rom.
1046 2785 1099 2835 Π,
1127 2786 1195 2828 21.

285 2860 356 2916 ¹⁰)
389 2860 499 2901 Edd.
531 2859 727 2902 Merlini:
766 2875 874 2915 quae
905 2859 948 2901 in
980 2855 1175 2897 universo
1209 2865 1282 2896 etc.
