1788 3111
473 138 913 182 COMMENTAmoRUM
942 139 1032 182 Lm.
1064 141 1136 182 IV.
1425 143 1510 187 257

91 251 219 292 fuisse
249 250 522 302 constrictos,
553 251 659 294 sicut
690 262 732 292 et
763 252 996 309 Apostolus
1027 252 1148 295 dicit:
1179 253 1303 309 „quia
1324 250 1367 310 ¹)
1396 253 1509 312 justo

94 329 159 370 lex
189 344 278 369 non
311 340 371 370 est
399 327 550 384 posita,
578 328 651 369 sed
683 326 846 385 injustis
878 341 919 370 et
947 345 1037 370 non
1067 329 1271 381 subditis,
1300 330 1440 387 impiis
1471 342 1512 374 et

91 406 410 462 peccatoribus,
440 404 620 447 scelestis
651 415 691 446 et
720 405 922 460 profanis,
953 405 1168 462 patricidis
1199 419 1239 448 et
1269 407 1511 458 matricidis,

94 482 328 533 homicidis,
349 481 688 532 fornicatoribus,
718 483 1006 523 masculorum
1028 484 1390 534 concubitoribus,
1420 485 1513 541 pla-

94 559 344 612 giatoribus,
388 559 685 609 mendacibus,
723 558 925 616 perjuris,
964 572 1005 601 et
1042 560 1076 601 si
1108 560 1211 616 quid
1241 560 1357 602 aliud
1386 578 1512 603 sanae

95 637 313 678 doctrinae
359 638 638 677 adversatur.“
717 634 850 691 Quod
894 636 928 677 si
967 636 1122 678 talibus
1159 638 1225 678 lex
1264 637 1402 693 posita
1440 649 1513 688 est,

95 731 185 755 non
215 714 293 755 tibi
330 714 466 754 multo
505 713 703 754 meliores
744 712 808 753 illi
838 713 1106 763 videbuntur,
1139 715 1191 755 de
1224 713 1375 769 quibus
1407 713 1513 754 dici-

93 802 186 831 tur:
216 791 400 844 „cum²)
441 789 553 831 enim
588 790 769 839 Gentes,
802 806 911 845 quae
940 791 1075 843 legem
1104 807 1193 831 non
1225 791 1403 840 habent,
1433 806 1511 831 na-

94 867 287 909 turaliter
326 882 433 924 quae
474 866 573 920 legis
604 878 701 908 sunt
738 866 919 916 faciunt,
962 866 1209 925 hujusmodi
1249 868 1383 920 legem
1421 883 1513 908 non

95 943 318 991 habentes,
359 940 439 997 ipsi
483 942 563 984 sibi
603 954 701 984 sunt
742 943 829 984 lex:
876 943 948 1000 qui
1000 945 1230 986 ostendunt
1268 960 1375 999 opus
1413 943 1514 996 legis

95 1019 295 1074 scriptum
326 1018 372 1059 in
402 1019 603 1060 cordibus
634 1019 741 1070 suis,
771 1019 1062 1062 testImonium
1092 1021 1298 1062 reddente
1328 1020 1377 1060 iis
1408 1036 1511 1060 cona

94 1095 361 1151 scientia.“3)
407 1096 463 1136 Et
491 1108 722 1137 statuamus
760 1109 857 1138 ante
887 1098 1057 1148 oculos,
1105 1096 1140 1138 si
1169 1097 1358 1147 videtur,
1407 1097 1515 1137 duos

95 1172 271 1228 aliquos,
301 1171 420 1212 verbi
449 1172 591 1225 gratia,
625 1173 697 1228 qui
730 1191 827 1215 cum
857 1174 1054 1215 masculis
1085 1190 1176 1215 non
1191 1172 1236 1229 ⁴²)
1268 1174 1512 1214 concubue—

95 1261 196 1290 runt
234 1248 464 1290 concubitu
516 1249 739 1291 muliebri:
778 1267 912 1291 unum
953 1267 1000 1291 ex
1040 1251 1102 1292 his
1141 1262 1368 1306 praecepto
1414 1249 1516 1302 legis

97 1325 374 1383 prohibitum,
394 1323 513 1382 cujus
533 1325 566 1366 si
585 1337 746 1367 metum
773 1344 862 1367 non
883 1327 1108 1377 habuisset,
1131 1329 1308 1368 fortasse
1328 1326 1513 1367 fecisset:

98 1415 138 1445 ct
168 1402 318 1452 alium,
367 1400 439 1457 qui
468 1401 668 1457 propriae
704 1403 855 1444 mentis
885 1402 1045 1460 judicio
1078 1402 1376 1460 hujuscemodi
1407 1420 1512 1444 con-

97 1480 310 1532 tagionem
332 1479 376 1534 5)
414 1494 469 1518 ne
510 1477 781 1531 cogitationes
823 1480 995 1536 quidem
1036 1498 1130 1523 suas
1168 1480 1283 1521 adire
1312 1479 1515 1535 permise-

97 1555 172 1596 rit:
203 1570 349 1595 nonne
386 1555 523 1595 multo
570 1554 692 1596 illum
722 1559 958 1610 praeferas,
990 1557 1075 1613 qui,
1106 1558 1224 1598 nulla
1254 1556 1354 1609 legis
1384 1556 1514 1600 inter-,-

97 1631 331 1673 minatione
373 1630 619 1679 deterritus,
656 1631 891 1674 immunem
931 1650 975 1675 se
1012 1650 1036 1674 a
1071 1633 1214 1686 flagitii
1252 1633 1516 1674 contamina·

97 1708 216 1750 tione
245 1706 451 1749 servavit?
484 1707 688 1748 Similiter
719 1708 844 1750 etiam
875 1710 928 1750 de
968 1709 1138 1751 caeteris
1167 1709 1348 1766 peccatis
1378 1708 1412 1751 si
1442 1711 1529 1755 ha-1

99 1787 250 1826 beatur
280 1800 465 1825 examen.
522 1785 580 1824 Et
616 1784 714 1825 ideo
752 1785 836 1827 sive
865 1786 999 1828 'Mosis
1029 1788 1094 1828 lex
1124 1786 1401 1840 intelligatur,
1432 1786 1517 1828 sive

101 1862 227 1903 etiam
258 1859 380 1917 ea,⁶)
413 1877 520 1916 quae
550 1861 592 1901 in
623 1861 777 1904 nostris
807 1862 1009 1904 membris
1040 1874 1126 1912 est,
1158 1875 1198 1904 et
1227 1863 1333 1905 iram
1366 1881 1518 1920 opera-

101 1951 183 1989 tur,
214 1954 304 1979 non
333 1950 523 1994 possunt,
557 1938 630 1994 qui
660 1955 708 1979 ex
737 1937 826 1994 ipsa
847 1951 958 1988 sunt,
987 1940 1187 1981 haeredes
1216 1956 1315 1990 esse,
1345 1942 1418 1981 sed
1443 1940 1518 1989 illi,

105 2015 178 2071 qui
207 2027 305 2056 sunt
334 2030 382 2056 ex
412 2016 502 2066 lege
533 2015 655 2055 fidei:
687 2015 789 2056 fidei
817 2027 959 2056 autem
988 2015 1124 2066 illius,
1166 2033 1213 2058 ex
1256 2033 1337 2071 qua
1368 2015 1518 2073 justifi-

105 2103 220 2132 catus
252 2102 312 2131 est
358 2090 583 2130 Abraham.
643 2092 732 2133 Sed
774 2094 950 2133 fortasse
992 2090 1178 2147 requirat
1207 2092 1381 2148 aliquis,
1412 2109 1518 2148 quo-

105 2168 238 2209 modo
271 2183 362 2207 non
393 2177 433 2207 et
465 2166 537 2221 qui
566 2168 644 2207 sub
674 2167 765 2221 lege
794 2168 929 2210 Mosis
960 2179 1032 2218 est,
1075 2169 1153 2210 sub
1186 2169 1275 2221 lege
1305 2168 1405 2210 fidei
1436 2185 1521 2210 esse

225 2349 266 2403 ¹)
298 2348 320 2387 I
353 2345 462 2387 Tim.
494 2347 526 2396 I,
557 2348 596 2390 9.
629 2348 695 2391 10.
814 2348 860 2401 2)
891 2350 1017 2390 Rom.
1047 2349 1100 2398 Il,
1130 2348 1198 2390 14.
1232 2349 1298 2391 15.

221 2418 269 2472 ³)
299 2418 380 2458 Ed.
411 2418 472 2458 Μ.
504 2417 566 2457 II:
598 2417 913 2468 ,‚c0nscientia?
944 2419 999 2459 Et
1031 2424 1288 2460 statuamus“
1319 2430 1396 2460 etc.

223 2485 270 2539 4)
300 2487 362 2526 Ita
392 2486 614 2537 Rabanu53
652 2486 754 2528 editi
791 2505 889 2528 vero
932 2489 993 2544 (e.
1035 2504 1067 2528 c.
1108 2489 1202 2528 edd.
1241 2488 1323 2543 M.)
1354 2500 1394 2530 et
1424 2489 1525 2532 Mss.

111 2541 307 2597 quidam:
337 2559 451 2591 „non
482 2542 679 2597 petierint
709 2543 982 2584 concubitum
1013 2544 1311 2586 nulliebrem.“
1359 2544 1524 2585 Caeteri

111 2600 213 2639 RIss.
243 2598 399 2639 nostri:
430 2615 546 2647 „non
577 2600 924 2655 concupiverunt,
955 2600 1031 2656 (al.
1063 2614 1157 2642 non
1183 2602 1525 2656 concupierint)

112 2653 386 2694 concubitum
415 2654 707 2698 muliebrem.“
726 2656 775 2698 R.

228 2722 273 2775 5)
302 2723 413 2764 Edd.
463 2723 658 2764 Merlini:
698 2723 992 2777 contagionem
1042 2723 1315 2777 cogitationes
1355 2725 1527 2782 quidem

114 2793 206 2819 suas
236 2777 353 2819 adire
380 2796 469 2819 non
498 2780 743 2834 permiserit.

230 2846 276 2902 6)
307 2847 437 2888 Deest
465 2854 566 2896 „ea“
597 2847 642 2888 in
680 2849 764 2889 edd
805 2850 868 2891 M.

118 2923 338 2966 Omenms
368 2923 540 2966 OPERA.
570 2923 689 2967 Tom.
714 2925 785 2966 VI.
1173 2928 1225 2970 17
