1788 3111
495 135 942 177 COMMENTAmonuM
972 134 1063 177 Lm.
1103 135 1152 176 V.
1464 139 1546 184 371

123 247 247 289 fundi
289 247 463 304 incipiat
499 265 577 304 per
605 248 769 289 interna
801 245 1106 297 conscientiae,
1146 259 1187 288 et
1226 248 1450 305 replere¹)
1481 266 1547 290 ra-

121 324 310 366 tionibus
342 341 499 367 sensus.
561 325 683 366 Tunc
715 340 814 376 ergo
846 324 1068 364 adversum
1094 336 1331 380 praecepta,
1363 342 1470 381 quae
1501 343 1548 367 ex

120 400 367 458 hujusmodi
407 402 497 455 lege
551 402 801 443 naturaliter
847 412 1140 454 suggeruntur,
1185 402 1381 443 voluntas
1412 403 1547 445 carnis

120 478 323 531 exsurgit,
364 490 404 519 et
445 478 527 519 alia
567 477 746 531 suggerit
793 477 1020 519 desideria:
1061 490 1100 519 et
1130 479 1212 519 hoc
1246 490 1326 528 est,
1368 480 1547 535 quod²)

119 554 209 610 ipse
241 556 474 610 Apostolus
505 557 639 608 legem
670 555 714 595 in
744 555 947 596 membris
977 555 1159 611 positam
1192 556 1448 606 nominavit,
1481 574 1543 597 re—

119 631 332 673 sistentem
363 631 444 685 legi
474 631 637 673 mentis.
686 632 807 672 Hanc
840 649 938 685 ergo
956 650 1068 673 nunc
1085 634 1219 686 legem
1252 635 1544 673 membrorum

119 708 311 763 posuisse
340 709 384 749 in
417 710 497 750 hoc
528 709 626 749 loco
658 709 826 749 videtur
857 710 1102 764 Apostolus,
1134 727 1261 765 quam
1292 709 1548 751 subintrasse

121 784 298 840 dicit,3)
328 796 375 826 ut
403 785 642 825 abundaret
672 797 907 840 peccatum.
952 787 1062 827 Nam
1094 798 1134 828 et
1154 787 1244 843 ipse
1273 803 1427 836 sermo,
1459 804 1544 842 quo

121 879 220 902 usus
254 874 333 912 est,
364 861 604 917 plenissime.
634 862 738 902 mihi
768 862 933 903 videtur
962 864 1089 912 haec,
1122 880 1230 919 quae
1261 863 1451 913 dicimus,
1480 864 1545 903 in-

120 938 274 980 dicare.
337 938 467 979 Aliud
495 955 681 995 namque
711 951 773 980 est
802 939 981 989 intrare,
1013 939 1129 980 aliud
1161 939 1420 990 subintrat-(33
1463 939 1540 980 sic-

120 1027 167 1056 ut
180 1015 226 1072 ⁴²)
267 1016 385 1057 aliud
419 1028 480 1057 est
512 1018 679 1066 ducere,
712 1028 753 1058 et
784 1016 901 1057 aliud
930 1017 1190 1068 subducere3
1221 1016 1336 1058 aliud
1368 1019 1545 1065 trahere,

119 1105 160 1135 et
189 1093 306 1134 aliud
325 1092 369 1149 5)
408 1094 669 1135 subtrahere.
739 1092 990 1135 Subintrare
1027 1110 1214 1150 namque
1250 1096 1334 1136 hoe
1372 1095 1544 1143 indicat,

118 1188 218 1213 cum
230 1171 275 1226 6)
306 1171 389 1210 alio
420 1169 622 1222 ingress0,
652 1172 730 1212 sub
764 1172 942 1211 obtentu
963 1170 1075 1212 illius
1092 1170 1136 1226 7)
1166 1171 1271 1213 alius
1300 1172 1545 1225 ingreditur.

118 1249 227 1304 In⁸)
260 1264 345 1303 quo
377 1246 498 1297 ratio,
530 1263 656 1303 quam
687 1264 813 1303 supra
845 1247 1127 1303 exposuimus,
1158 1248 1373 1290 evidenter
1403 1261 1543 1290 osten-

121 1324 195 1375 dit,
228 1326 346 1380 quod
374 1325 453 1366 sub
486 1325 664 1365 obtentu
692 1324 793 1377 legis
823 1324 1046 1374 naturalis,
1088 1341 1215 1381 quam
1256 1324 1393 1377 legem
1423 1342 1544 1366 men-

121 1402 171 1443 tis
202 1400 438 1442 nominavit
476 1401 794 1458 Apostolus‚⁹)
837 1418 945 1457 quae
975 1402 1055 1455 legi
1085 1402 1169 1443 Dei
1201 1403 1421 1452 consentit,
1454 1413 1545 1443 orta

120 1477 173 1519 sit
202 1479 268 1519 lex
296 1479 614 1528 membrorum,
657 1495 765 1534 quae
804 1478 1010 1520 desideria
1049 1479 1184 1521 carnis
1223 1495 1466 1532 suggerens,
1507 1493 1547 1521 et

122 1555 332 1610 captivum
383 1555 602 1596 hominem
652 1556 809 1597 ducens
856 1555 1116 1612 libidini¹⁰)
1162 1573 1209 1597 ac
1257 1557 1545 1611 voluptatibus

119 1631 397 1682 inclinatum,
446 1631 546 1673 facit
591 1633 635 1673 in
682 1649 732 1673 eo
779 1634 998 1674 abundare
1035 1645 1268 1690 peccatum.
1337 1633 1407 1676 Sic
1446 1650 1544 1686 ergo

119 1708 298 1762 „lex¹¹)
338 1709 608 1759 subintravit,
647 1721 695 1750 ut
732 1711 969 1751 abundaret
1009 1709 1250 1754 delictum.“
1317 1712 1431 1761 „Sed
1470 1710 1545 1751 ubi

240 1834 283 1888 1)
312 1835 425 1876 Edd.
456 1835 653 1877 Me1lini:
688 1835 857 1891 repleri.

236 1904 282 1960 2)
312 1904 429 1946 Editi
460 1905 518 1958 (v.
555 1923 589 1947 c.
622 1907 717 1947 edd.
746 1906 850 1960 M.:)
883 1907 1029 1971 „quod
1059 1906 1116 1946 ait
1134 1906 1379 1972 Apostolus,
1410 1907 1545 1958 legem

121 1959 165 1999 in
193 1961 396 2002 membris
423 1962 619 2016 positam,
650 1962 911 2004 resistentem
942 1962 1022 2015 legi
1052 1965 1216 2004 mentis.
1221 1967 1244 1986 “
1285 1963 1335 2003 R.
1373 1986 1423 1992 —
1459 1962 1544 2004 Csr.

122 2017 247 2057 Rom.
278 2017 380 2066 VII,
416 2019 483 2060 23.

237 2085 284 2140 ³)
313 2087 439 2126 Rom.
471 2087 523 2136 V,
546 2088 614 2129 20.

239 2154 284 2209 4)
314 2155 424 2195 Edd.
456 2156 653 2196 Merlini:
683 2156 789 2197 sicut
819 2168 879 2196 est
909 2156 1025 2196 aliud
1056 2157 1212 2198 ducere
1245 2170 1320 2200 ete.

241 2225 287 2279 ⁵)
316 2226 448 2267 Deest
478 2226 648 2275 ‚‚aliud“
678 2225 721 2266 in
753 2227 846 2267 edd.
877 2225 1065 2267 Merlini.

241 2295 287 2349 6)
315 2296 416 2337 Mss.
446 2294 661 2351 plerique:
693 2296 838 2351 „quod
869 2312 965 2336 cum
996 2295 1105 2345 alio,
1136 2295 1323 2349 ingressu
1355 2298 1544 2346 obtento,

125 2352 229 2394 alius
260 2351 532 2404 ingreditur.“
561 2353 612 2392 R.

243 2421 289 2478 7)
321 2423 452 2463 Deest
482 2421 647 2471 „illius“
677 2421 720 2462 in
754 2423 849 2463 edd.
880 2420 1066 2463 Merlini.

240 2492 287 2546 ⁸)
316 2491 434 2533 Editi
464 2492 522 2547 (e.
554 2508 588 2532 c.
621 2493 717 2533 edd.
748 2493 848 2547 M),
889 2505 929 2533 et
965 2491 1066 2532 Mss.
1109 2491 1306 2547 quidam:
1349 2495 1423 2543 „In
1464 2511 1544 2550 qua

127 2548 303 2598 ratione,
334 2573 401 2598 -‚
431 2549 646 2589 evidenter
681 2549 929 2599 ostenditur,
963 2549 1106 2602 quod“
1138 2560 1213 2590 etc.
1244 2550 1294 2590 R.

243 2617 288 2670 9)
317 2618 443 2658 Rom.
473 2619 577 2667 VII,
618 2620 684 2661 23.

220 2686 288 2741 ¹⁰)
319 2687 389 2728 Sic
417 2689 519 2729 Mss.
548 2688 694 2730 nostri.
725 2687 841 2729 Editi
868 2705 966 2728 vero
1000 2688 1057 2744 (e
1090 2704 1122 2728 c.
1156 2689 1219 2728 ed.
1248 2689 1308 2728 M
1340 2688 1436 2744 H.):
1469 2690 1507 2738 „l

128 2741 274 2783 bidine
304 2759 350 2783 ac
375 2745 663 2799 voluptatibus
704 2743 1012 2799 inquinatum,“
1043 2744 1092 2784 al.
1124 2743 1354 2793 „deditum
1359 2750 1383 2768 “
1412 2746 1460 2784 R.
1493 2771 1547 2777 --

128 2800 207 2839 Ed.
237 2800 299 2842 M.
329 2801 367 2839 I.
398 2800 592 2849 „libidini
623 2818 670 2842 ac
700 2800 986 2855 voluptatibus
1016 2800 1309 2855 inquinatum“
1341 2813 1414 2841 etc

220 2869 290 2921 ΙΙ)
321 2869 447 2909 Rom.
476 2871 528 2919 v,
557 2872 623 2913 20.

1185 2961 1281 3001 24*
